2400 3840
84 206 128 272 98
280 198 652 255 amnemamnem
670 194 909 253 clauimlv.

87 347 164 413 satis
188 347 290 411 iustas
310 368 422 411 causas
440 349 535 430 putat
552 344 695 427 amandi,
712 342 801 429 quod
817 342 924 409 aliua
940 344 1010 427 ent,
1025 340 1113 409 idem

86 458 221 501 uxorem
239 458 331 500 suam
349 436 451 519 aspici
467 456 535 500 non
551 435 637 517 vult3
654 439 687 498 et
699 434 777 498 fidei
789 430 967 497 acerrimm
980 434 1115 497 motor

87 529 138 590 est
159 524 315 608 perfidus,
337 529 371 589 et
391 524 558 589 mendacia
579 523 784 607 persequitur
802 522 873 605 ipse
889 520 1062 606 periurus,
1082 524 1114 585 et

87 613 181 679 litem
199 613 261 677 sibi
278 613 390 678 inferri
407 614 583 699 aegerrime
601 612 814 676 calumniator
830 610 971 694 patitur3
988 608 1113 695 pudici·

87 703 168 767 tiam
190 703 390 767 servulorum
412 723 545 767 suornm
568 701 762 784 adtemptari
783 720 851 764 non
871 698 946 763 vult
969 698 1032 783 qui
1047 720 1114 765 uon
1136 714 1146 755 ⁶

53 807 70 856 8
88 792 233 876 pepercit
255 814 339 857 suae.
378 792 483 855 aliena
504 792 585 855 sitia
606 790 642 854 in
665 790 767 855 oculis
788 787 963 871 habemus,
980 810 1003 853 a
1019 790 1112 875 tergo

88 884 200 945 nostra
230 886 319 945 sunt:
350 881 425 945 inde
455 884 505 945 est
533 878 621 962 quod
649 878 843 962 tempestiva
868 875 932 941 lilii
961 876 1113 943 convivia

87 974 179 1053 pater
208 970 347 1035 deterior
374 970 444 1034 filio
474 969 625 1054 castigat,
651 972 684 1031 et
710 967 793 1031 nihil
816 966 941 1031 alienae
962 964 1112 1041 luxuriae

87 1060 228 1146 ignoscit
251 1060 308 1143 qui
328 1058 412 1123 nihil
434 1080 510 1121 suae
532 1056 677 1143 negavit,
698 1060 732 1121 et
750 1053 932 1120 homicidae
951 1056 1112 1139 tyrannus

88 1149 250 1230 irascitur,
272 1152 305 1212 et
327 1146 423 1231 punit
444 1146 532 1210 furta
553 1146 737 1231 sacrilegus·
773 1164 892 1230 magna
911 1164 991 1227 paru
1009 1142 1146 1209 homi-1·

88 1260 168 1301 num
198 1242 248 1300 est
277 1257 360 1318 quae
386 1256 454 1299 nou
479 1235 619 1319 peccatis
641 1234 790 1299 irascitur
812 1232 869 1297 sed
889 1232 1112 1317 peccantibus

89 1326 186 1389 faciet
208 1345 268 1387 nos
291 1322 520 1387 moderatiores
542 1327 706 1407 respectus
728 1322 847 1405 noemi,
865 1320 894 1385 si
912 1321 1113 1389 consulueri-

89 1434 162 1477 mus
184 1433 258 1476 uos:
299 1412 471 1494 ‘numquid
494 1417 527 1476 et
548 1412 612 1496 ipsi
634 1412 756 1495 aliquid
778 1412 843 1475 tale
866 1408 1114 1477 commisimus?

89 1500 248 1582 numquid
266 1500 312 1565 sic
330 1500 527 1565 erravimus?
549 1501 720 1584 expeditne
734 1499 830 1565 nobis
843 1499 907 1563 ista
919 1497 1114 1567 damnarel'

57 1624 71 1671 1
179 1604 297 1670 m
332 1606 509 1671 Maximum
537 1606 714 1672 remedium
741 1606 808 1670 irae
829 1627 922 1670 mora
943 1610 1006 1671 est.
1051 1608 1114 1673 hoc
1128 1619 1148 1662 ¹⁸

91 1696 132 1760 ab
161 1696 218 1759 illa
246 1700 320 1779 pete
349 1695 457 1779 initio,
484 1717 551 1761 non
579 1701 618 1761 ut
646 1697 807 1782 ignoscat,
833 1694 890 1759 sed
915 1697 956 1759 ut
976 1694 1114 1762 iudicet:

90 1806 203 1871 graves
239 1785 338 1850 habet
372 1785 512 1868 impetus
543 1786 680 1870 primos;
716 1784 853 1866 desinet,
887 1783 917 1847 si
952 1788 1113 1871 expectat

90 1896 150 1940 nec
171 1874 354 1939 universam
376 1875 466 1938 illam
488 1874 696 1957 temptaveris
716 1874 844 1937 tollere:
865 1874 938 1936 tota
954 1872 1115 1957 vinem,

55 1964 167 2029 adum
190 1964 336 2049 partibus
360 1964 510 2047 carpitur,
547 1986 587 2027 ex
604 1964 646 2045 is,
665 1984 747 2045 quae
764 1983 824 2026 nos
843 1961 1032 2047 offendunt,
1053 1962 1116 2029 alia

90 2054 315 2118 renuntiantur
344 2053 453 2136 nobis,
490 2051 554 2116 alia
583 2052 647 2136 ipsi
683 2051 831 2116 audimus
866 2053 924 2114 aut
954 2050 1114 2119 videmus.
1128 2064 1150 2107 ¹⁸

91 2141 131 2204 de
152 2142 206 2224 iis,
229 2164 310 2225 quae
339 2145 469 2206 narrata
497 2144 587 2223 sunt,
615 2162 682 2204 non
705 2140 858 2204 debemus
880 2139 946 2203 cito
970 2140 1115 2207 medae:

91 2229 186 2292 multi
204 2231 412 2313 mentiuntur,
425 2234 464 2295 ut
476 2229 646 2313 decipiant,
663 2229 768 2312 multi,
786 2228 863 2313 quia
881 2228 1012 2313 decepti
1026 2232 1114 2313 sunt3

92 2317 173 2380 alius
198 2319 418 2383 criminatione
440 2320 578 2405 gratiam
601 2321 711 2403 captat
727 2322 761 2382 et
777 2316 874 2403 fingit
889 2316 1063 2404 iniuriam,
1078 2322 1115 2383 ut

91 2404 238 2469 videatur
267 2406 407 2471 doluisse
436 2407 568 2490 factam3
598 2411 648 2471 est
673 2406 790 2490 aliquis
812 2405 976 2491 malignus
1000 2412 1038 2473 et
1059 2406 1114 2493 qui

93 2493 249 2559 amicitias
279 2496 478 2560 cohaerentis
507 2495 657 2560 diducere
684 2496 775 2578 velit3
797 2498 846 2559 est
862 2494 888 2578 †
904 2494 1062 2579 suspicax
1082 2498 1114 2561 et
1127 2506 1150 2551 ¹⁸

93 2583 150 2666 qui
181 2587 324 2667 spectare
357 2585 451 2649 ludos
486 2585 595 2669 cupiat
628 2589 661 2648 et
692 2606 732 2649 ex
761 2583 941 2669 longinquo
972 2587 1113 2671 tutoque

57 2685 74 2734 3
93 2673 276 2754 speculetur
298 2694 379 2756 quos
403 2674 539 2738 conlisit.
576 2674 616 2738 de
633 2674 767 2757 parvola
785 2693 912 2737 summa
927 2671 1113 2741 iudicaturo

92 2760 154 2824 tibi
182 2782 232 2825 res
262 2761 330 2826 sine
359 2765 442 2827 teste
468 2783 535 2827 non
560 2763 766 2847 probaretur,
787 2762 879 2826 testis
902 2761 973 2827 sine
994 2761 1114 2829 iureiu-

91 2848 192 2914 rando
215 2872 282 2915 non
303 2851 436 2935 valeret,
458 2852 587 2935 utrique
609 2851 695 2936 parti
714 2851 803 2914 dares
822 2849 998 2935 actionem,
1021 2852 1113 2918 dares

91 2940 234 3022 tempus,
255 2960 322 3003 non
344 2942 442 3005 semel
464 2941 603 3024 audires3
630 2941 733 3026 magis
756 2939 842 3004 enim
865 2938 985 3005 veritas
1007 2942 1115 3007 elucet
1128 2954 1158 2996 ³²·

180 3128 199 3183 2
217 3129 307 3199 aspici
321 3128 363 3184 A¹
381 3131 409 3198 (a
427 3146 461 3186 ea
480 3135 512 3185 co
530 3133 610 3200 corr.)
630 3131 641 3203 ΙΙ
663 3130 699 3185 15
716 3130 758 3185 ire
771 3129 815 3185 Α6
831 3132 864 3185 in
879 3132 986 3186 maim
1001 3148 1062 3189 rus.
1080 3148 1114 3189 ac

91 3200 133 3256 A¹
150 3202 289 3271 scriptura
306 3207 416 3256 wntwn
432 3203 533 3257 ultima
550 3204 643 3258 littera
660 3218 676 3257 e
694 3208 811 3272 apparet
826 3200 837 3274 ΙΙ
854 3200 889 3256 17
903 3216 1008 3272 graues
1023 3202 1114 3259 habet

90 3272 439 3413 totietatem
450 3275 533 3417 ’ἴῖιῖ
546 3275 735 3400 isitii
745 3271 897 3417 illd.
910 3274 955 3399 ¹1⁸.)
968 3274 1114 3403 rm

92 3416 138 3483 (us
157 3416 327 3485 Wesenberp)
352 3413 397 3468 his
415 3416 443 3470 A
467 3415 478 3488 ll
503 3415 539 3470 25
562 3417 694 3485 suspicax
719 3418 747 3485 (x
769 3432 804 3470 ec
821 3432 834 3469 s
852 3416 934 3487 corr.)
953 3416 1020 3473 AL
1046 3416 1113 3473 sub·

85 3501 195 3610 ptrlocasp
203 3488 330 3612 {lipsius
347 3485 484 3541 subdicax
501 3488 680 3543 Badsts'o'bner
703 3486 714 3559 ll
737 3486 774 3541 ao
796 3486 887 3542 elucet
905 3502 976 3545 corr.
995 3488 1060 3545 rud.
1079 3505 1115 3545 ou

127 3572 179 3610 nce
