2400 3840
98 171 149 226 AD
164 168 334 227 HELVIAM
347 169 506 225 MATREM
520 169 569 223 DE
584 166 999 224 CONSOLATIONECAP.18
1040 168 1106 236 359

86 317 214 383 conlato
241 315 406 380 funeratus
435 318 491 381 est.
537 311 659 379 Atilius
688 311 848 399 Regulus,
878 333 953 378 cum
980 312 1106 378 Poenos

85 407 120 471 in
142 403 254 470 Africa
275 404 438 487 funderet,
465 404 504 468 ad
528 406 675 469 senatum
701 404 831 486 scripsit
853 403 1107 468 mercennarium

86 516 179 560 suum
212 494 396 559 discessisse
427 496 461 558 et
489 494 529 559 ab
560 514 598 557 eo
629 492 791 557 desertum
820 513 889 557 esse
918 513 989 575 rus,
1021 492 1108 575 quod

86 585 211 650 senatui
239 583 370 666 publice
393 583 511 665 curari,
538 581 615 645 dum
638 581 765 646 abesset
787 579 945 667 Regulus,
972 582 1108 665 placuit:

55 673 189 738 sfuitne
230 672 313 736 tanti
354 691 482 736 servum
517 691 584 735 non
620 670 753 753 habere,
793 673 831 734 ut
867 671 1001 736 colonus
1039 671 1108 735 eius

84 762 225 847 populus
256 759 421 826 Romanus
454 758 559 825 esset?
604 756 766 844 Scipionis
799 759 885 824 filiae
916 781 955 825 ex
985 760 1143 825 aerarios

86 850 195 914 dotem
227 853 432 933 acceperunt,
469 848 545 932 quia
576 847 660 912 nihil
691 848 758 913 illis
794 848 969 932 reliquerat
1003 852 1109 932 pater:

86 960 225 1022 aequum
251 938 356 1022 <me>
383 938 531 1003 hercules
560 941 629 1002 erat
656 938 814 1022 populum
843 935 1025 1003 Romanum
1052 939 1109 1002 tri·

21 1038 25 1044 ’
85 1029 200 1093 butum
237 1024 383 1112 Scipioni
419 1027 519 1092 semel
555 1026 714 1110 conferre,
751 1047 825 1092 cum
862 1049 882 1092 a
914 1024 1108 1111 Carthagine

41 1141 69 1180 ιο
87 1139 211 1200 semper
246 1118 397 1202 exigeret.
443 1138 463 1180 o
499 1116 608 1182 felices
640 1117 728 1180 viros
759 1114 955 1199 puellarum,
991 1115 1108 1199 quibus

85 1206 226 1291 populus
254 1205 419 1271 Romanus
445 1207 520 1271 loco
549 1205 651 1271 soceri
677 1204 754 1269 fuit!
799 1205 1000 1269 beatioresne
1029 1205 1108 1268 istos

85 1298 195 1380 putas,
225 1317 363 1379 quorum
391 1294 610 1378 pantomimae
641 1293 769 1360 deciens
798 1295 945 1359 sestertio
973 1293 1109 1376 nubunt,

86 1407 182 1468 quam
202 1381 401 1468 Scipionem,
424 1385 516 1449 ouius
538 1384 633 1449 liberi
656 1406 675 1448 a
698 1386 824 1468 senatu,
846 1387 955 1449 tutore
977 1404 1052 1466 suo,
1074 1382 1109 1446 in

86 1474 193 1539 dotem
224 1494 277 1537 aes
304 1494 402 1558 grave
425 1472 639 1556 acceperunt?
677 1473 870 1559 dedignatur
892 1473 1010 1556 aliquis
1032 1485 1143 1557 pau-7

42 1583 67 1625 rs
86 1565 258 1646 pertatem,
280 1563 372 1626 cuius
394 1565 463 1626 tam
481 1561 584 1626 clarae
603 1562 760 1647 imagines
779 1561 877 1628 sunt?
921 1561 1110 1647 indignatur

86 1651 179 1716 exsul
207 1650 331 1734 aliquid
358 1649 420 1715 sibi
448 1649 571 1733 deesse,
600 1671 674 1714 cum
702 1651 840 1716 defuerit
868 1648 1014 1734 Scipioni
1041 1651 1110 1734 dos,

85 1738 212 1824 Regulo
245 1739 496 1823 mercennarius,
527 1738 678 1804 Menenio
709 1740 822 1823 funus,
854 1761 928 1805 cum
960 1740 1109 1805 omnibus

85 1828 150 1894 illis
179 1828 266 1911 quod
296 1829 405 1893 deerat
432 1828 504 1892 ideo
531 1826 699 1896 honestius
727 1830 913 1912 suppletum
945 1828 1002 1911 sit,
1034 1828 1110 1911 quia

87 1917 252 1983 defuerat?
296 1916 348 1982 his
385 1938 462 2002 ergo
495 1915 659 1982 advocatis
690 1939 758 1982 non
789 1920 917 1982 tantum
949 1919 1020 1982 tuta
1051 1920 1110 2000 est,

41 2028 68 2068 ao
86 2006 142 2072 sed
166 2007 263 2071 etiam
285 2007 427 2092 gratiosa
449 2010 630 2090 paupertas.

175 2093 261 2160 XIII.
298 2095 499 2179 Responderi
521 2099 641 2180 potest:
667 2094 760 2179 ‘quid
784 2094 955 2160 artificiose
978 2093 1042 2159 ista
1064 2094 1110 2158 di·
1130 2113 1143 2161 1

86 2184 191 2269 ducis,
227 2207 309 2269 quae
346 2185 473 2270 singula
510 2183 662 2251 sustineri
697 2188 849 2268 possunt,
885 2186 1013 2249 conlata
1043 2206 1111 2250 non

85 2274 244 2358 possunt?
289 2273 500 2340 commutatio
530 2273 596 2340 loci
624 2273 802 2339 tolerabilis
833 2277 895 2357 est,
925 2274 954 2338 si
983 2276 1110 2339 tantum

85 2363 194 2429 locum
224 2368 342 2448 mutes3
373 2367 546 2447 paupertas
575 2363 754 2429 tolerabilis
781 2366 842 2447 est,
878 2363 906 2427 si
932 2362 1111 2448 ignominia

42 2471 68 2512 is
86 2453 184 2536 absit,
207 2475 288 2536 quae
311 2454 364 2518 vel
387 2454 456 2518 sola
475 2452 656 2537 opprimere
675 2453 799 2518 animos
819 2451 922 2518 solet'
958 2452 1144 2518 adversust

86 2541 186 2622 huno,
214 2542 360 2626 quisquis
384 2565 435 2607 me
458 2543 618 2607 malorum
640 2543 735 2607 turba
757 2542 903 2626 terrebit,
928 2540 981 2607 his
1004 2540 1109 2607 verbis

87 2629 242 2695 utendum
270 2631 344 2697 erit:
371 2632 400 2696 ei
427 2635 540 2696 eontra
566 2652 665 2695 unam
694 2631 871 2714 quamlibet
898 2634 1023 2715 partem
1046 2630 1111 2695 for·

86 2721 184 2783 tunae
208 2719 285 2785 satis
308 2720 369 2784 tibi
391 2720 516 2786 roboris
540 2724 602 2804 est,
625 2719 711 2785 idem
734 2720 885 2785 adversus
910 2720 1015 2785 omnis
1039 2720 1110 2784 erit.

87 2828 162 2873 cum
184 2808 283 2873 semel
306 2808 449 2874 animum
472 2809 574 2875 virtus
598 2808 776 2892 induravit,
801 2808 944 2892 undique
967 2809 1111 2873 involue-

42 2918 69 2959 uo
87 2896 221 2962 rabilem
248 2901 397 2981 praestat.
445 2898 472 2963 si
500 2897 635 2964 avaritia
662 2897 797 2983 dimisit,
828 2897 1111 2963 vehementissima

87 2986 213 3074 generis
236 2986 370 3051 humani
392 2987 506 3072 pestis,
529 3010 653 3053 moram
675 2989 737 3054 tibi
760 2987 893 3053 ambitio
916 3009 983 3052 non
1001 2985 1111 3071 faciet3

177 3179 193 3234 1
218 3179 342 3251 atauus
360 3181 388 3235 A
411 3179 502 3250 (atr)
519 3141 562 3235 A
579 3182 611 3234 a
628 3182 695 3251 ras.)
713 3181 723 3253 44
741 3181 759 3235 4
777 3180 892 3250 puplice
910 3180 938 3234 A
955 3178 966 3251 u
983 3178 1001 3232 e
1019 3178 1111 3234 niue

87 3252 127 3308 ed.
148 3253 279 3308 Curionis
303 3252 360 3306 fuit
381 3269 417 3307 ne
436 3252 464 3306 A
487 3255 533 3321 (ne
552 3256 619 3308 Μ
636 3254 669 3308 ia
687 3253 783 3322 litura)
808 3252 819 3326 i
843 3251 862 3306 6
884 3250 1016 3322 exterario
1038 3251 1066 3305 A
1087 3253 1111 3321 (e

87 3325 170 3379 tuitio
186 3341 280 3380 oerum
298 3324 363 3379 add.
377 3324 441 3390 fort.
457 3341 491 3378 m.
504 3326 534 3393 2)
552 3323 562 3396 Η
579 3323 733 3393 Saequum
746 3322 938 3379 mehercules
956 3325 1031 3406 equi]
1047 3322 1111 3377 her·

88 3394 164 3450 cules
179 3396 207 3450 A
224 3395 234 3468 Η
252 3395 287 3479 Ι12
305 3395 499 3465 pantomimae
517 3398 548 3465 (n
564 3412 587 3450 a.
601 3413 625 3451 c.
641 3397 704 3451 add.
720 3413 754 3450 m.
768 3399 797 3465 2)
812 3394 872 3521 Agl
894 3393 930 3448 13
948 3392 1032 3448 liberi
1049 3410 1071 3448 a.
1085 3411 1110 3448 o.

87 3467 152 3521 cdd.
173 3473 206 3522 ut
228 3466 387 3594 mili
408 3467 444 3522 15
467 3466 550 3521 clarae
572 3466 614 3522 A¹
636 3467 713 3520 olera
732 3466 775 3523 A¹
798 3465 809 3539 ΙΙ
834 3467 852 3521 2
896 3464 978 3521 abest
1003 3464 1084 3521 Gertz
1101 3463 1112 3536 tt

86 3535 123 3592 80
138 3545 203 3607 post
220 3541 341 3592 avanto
388 3544 443 3594 erte
462 3539 526 3593 add.
543 3540 572 3592 te
