2400 3840
362 160 411 214 us
429 158 493 214 ias
512 159 579 214 uus.
594 160 615 214 1.
648 159 725 214 car.
742 165 784 216 ιο,
800 166 832 214 11
1063 161 1105 228 57

90 308 222 371 inertiae
246 308 338 390 iram,
363 307 472 370 timori
495 305 727 391 cupiditatem]
765 306 850 390 apsit
872 307 934 370 hoc
953 329 972 370 a
989 307 1141 372 virtutes

90 397 223 479 malum,
260 400 296 460 ut
326 417 480 479 umquam
511 395 593 459 ratio
627 395 667 459 ad
699 396 778 459 vitia
809 395 988 481 confugiatl
1042 417 1108 460 non

90 489 197 569 potest
225 486 279 550 hic
294 486 433 550 'animus
462 483 556 548 fidele
586 485 688 548 otium
716 506 841 567 capere,
871 484 1034 568 quatiatur
1055 507 1108 548 ne-

90 597 176 639 cesse
207 579 255 639 est
283 574 532 656 fluctueturque,
563 573 619 655 qui
642 573 734 638 malis
759 574 824 639 suis
847 578 936 639 tutus
961 577 1021 656 est,
1052 575 1108 657 qui

58 664 182 728 sfortis
216 685 283 728 esse
312 662 376 728 nisi
408 662 556 727 irascitur
587 684 654 726 non
686 665 805 745 potest,
837 662 1013 728 industrius
1044 663 1108 728 nisi

89 754 192 836 cupit,
223 752 349 835 quietus
379 752 443 816 nisi
471 752 577 815 timet:
607 752 642 814 in
668 752 837 835 tyrannide
864 753 913 816 illi
936 751 1108 815 vivendum

90 845 138 905 est
156 842 191 904 in
208 841 343 906 alicuius
369 840 512 905 adfectus
535 840 676 904 venienti
700 841 892 905 servitutem.
924 863 991 905 ncn
1009 840 1108 924 pudet

89 931 223 994 virtutes
247 931 281 993 in
304 930 485 994 clientelam
507 929 660 993 vitiorum
689 928 875 994 demittere?
920 929 1034 992 deinde
1057 929 1142 994 dea

90 1019 167 1083 sinit
190 1019 362 1102 quicquam
380 1040 475 1102 posse
493 1019 589 1100 ratio,
613 1019 640 1083 si
658 1018 742 1082 nihil
759 1022 867 1102 potest
885 1019 953 1083 sine
972 1018 1107 1100 adfectu,

43 1130 70 1169 ιο
89 1113 121 1172 et
144 1108 258 1191 incipit
281 1130 340 1192 par
362 1108 411 1171 illi
434 1108 612 1190 similisque
635 1129 711 1172 esse.
759 1106 836 1190 quid
860 1108 944 1172 enim
967 1109 1107 1189 interest,

90 1198 117 1261 si
140 1219 240 1280 aeque
263 1197 405 1262 adfectus
429 1197 619 1262 inconsulta·
634 1219 684 1262 res
708 1200 756 1262 est
779 1197 847 1262 sine
869 1198 993 1260 ratione
1012 1217 1108 1280 quam

89 1287 171 1350 ratio
202 1287 270 1351 sine
300 1287 428 1351 adfectu
458 1285 629 1351 inefficax?
674 1309 733 1370 par
761 1289 934 1369 utrumque
962 1290 1022 1368 est,
1052 1285 1107 1348 ubi

90 1398 157 1441 esse
181 1376 316 1440 alterum
339 1376 407 1442 sine
430 1375 530 1440 altero
553 1397 620 1439 non
642 1379 756 1458 potest.
790 1376 862 1457 quis
886 1379 992 1439 autem
1016 1375 1109 1439 susti·

89 1468 163 1529 neat
192 1465 353 1529 adfectum
385 1486 560 1548 exaequare
592 1464 731 1529 rationi?
776 1464 843 1528 ‘ita'
875 1465 981 1548 inquit
1009 1463 1142 1529 ‘utilisa
1186 1466 1189 1472 ’

44 1574 70 1614 15
90 1553 233 1618 adfectus
262 1557 322 1635 est,
350 1555 378 1617 si
405 1554 549 1618 modicus
583 1553 651 1619 est'
696 1554 794 1618 immo
825 1555 852 1618 si
881 1557 996 1617 natura
1019 1554 1108 1618 utilis

91 1645 146 1706 est.
180 1642 234 1705 sed
254 1642 281 1706 si
304 1643 463 1724 inpatiens
486 1643 613 1725 imperii
635 1643 832 1726 rationisque
856 1647 916 1725 est,
939 1643 1001 1707 hoc
1020 1642 1109 1706 dum-

37 1777 40 1781 <
90 1733 180 1792 taxat
209 1729 427 1794 moderatione
457 1735 682 1813 consequetur,
707 1735 744 1794 ut
774 1752 837 1815 quo
868 1733 974 1794 minor
1003 1731 1108 1813 fuerit,

91 1817 197 1881 minus
219 1821 346 1880 noceat:
370 1839 446 1902 ergo
470 1818 613 1883 modicus
642 1819 773 1883 affectus
796 1821 878 1883 nihil
902 1820 988 1883 aliud
1013 1842 1108 1902 quam

92 1906 211 1969 malum
235 1905 397 1971 modicum
420 1910 475 1971 est.

42 2017 71 2056 20
179 1993 233 2058 XI.
259 1992 332 2059 ‘Sed
365 1996 515 2060 adversus
551 1995 672 2060 hostes'
704 1996 810 2078 inquit
841 1995 1029 2060 ‘necessaria
1061 2001 1142 2061 estl

89 2083 158 2148 ira'
190 2105 349 2168 nusquam
373 2085 492 2150 minus:
516 2085 572 2148 ubi
593 2106 660 2148 non
683 2085 800 2150 effirsos
820 2106 887 2149 esse
906 2088 1034 2168 oportet
1051 2086 1108 2150 im-

88 2178 181 2257 petus
213 2175 267 2238 sed
298 2177 492 2258 temperatos
521 2177 552 2238 et
580 2173 792 2238 oboedientes.
843 2174 920 2258 quid
949 2174 1033 2237 enim
1061 2179 1109 2240 est

88 2263 175 2327 aliud
195 2262 282 2347 quod
300 2264 452 2329 barbaros
470 2266 561 2328 tanto
581 2263 777 2328 robustiores
797 2263 998 2347 corporibus,
1017 2266 1107 2328 tanto

88 2353 295 2435 patientiores
324 2352 472 2417 laborum
504 2353 701 2417 comminuat
730 2353 793 2418 nisi
823 2353 871 2417 ira
902 2352 1109 2418 infestissima

41 2463 68 2502 re
88 2441 171 2505 sibi?
217 2442 409 2526 gladiatores
434 2463 562 2526 quoque
585 2464 636 2507 ars
658 2445 779 2524 tuetur,
803 2443 850 2506 ira
873 2442 1019 2507 denudat.
1058 2443 1142 2506 dea

88 2530 162 2593 inde
186 2530 262 2613 quid
284 2552 365 2614 opus
389 2535 437 2597 est
459 2532 519 2614 ira,
543 2552 616 2596 cum
640 2531 724 2596 idem
747 2532 895 2615 proficiat
917 2531 1022 2595 ratio?
1067 2554 1109 2594 an

88 2623 124 2681 tu
150 2623 244 2701 putas
267 2623 450 2684 venatorem
474 2621 568 2685 irasci
591 2619 689 2685 feris?
720 2621 811 2704 atqui
834 2624 865 2684 et
881 2621 1037 2684 venientis
1058 2643 1108 2684 ex-

88 2707 168 2790 cipit
200 2711 232 2770 et
263 2708 416 2794 firgientis
446 2710 664 2792 persequitur,
694 2713 726 2773 et
755 2710 864 2774 omnia
890 2708 947 2773 illa
970 2710 1037 2775 sine
1062 2710 1108 2772 ira

87 2796 166 2860 facit
188 2796 279 2860 ratio.
326 2797 403 2881 quid
427 2796 628 2862 Cimbrorum
651 2797 933 2882 Teutonorumque
951 2802 1001 2862 tot
1019 2798 1108 2862 milia

41 2885 256 2968 aosuperfusa
270 2883 409 2970 Alpibus
424 2887 469 2950 ita
489 2888 631 2970 sustulit,
655 2892 691 2951 ut
709 2891 817 2951 tantae
840 2887 940 2953 cladis
958 2888 1107 2952 notitiam

88 2972 128 3038 ad
158 2990 233 3040 suos
263 2997 330 3040 non
358 2976 490 3041 nuntius
521 2976 576 3041 sed
606 2976 692 3040 fama
715 2977 895 3060 pertulerit,
925 2978 988 3041 nisi
1021 2976 1106 3060 quod

88 3067 156 3128 erat
178 3063 243 3128 illis
267 3065 315 3128 ira
337 3087 396 3149 pro
419 3065 559 3130 virtute?
605 3086 686 3149 quae
708 3069 746 3129 ut
767 3065 939 3149 aliquando
963 3065 1108 3149 propulit

177 3238 194 3292 l
221 3238 296 3294 absit
317 3238 359 3294 A²
388 3239 416 3308 (b
440 3257 515 3309 emp
538 3241 619 3309 corr.)
646 3239 657 3311 11
681 3240 700 3294 3
724 3256 837 3309 capere,
861 3239 1007 3308 quatiatur
1027 3238 1107 3294 Gertz

88 3311 274 3378 sauromata,
299 3311 368 3381 culp.
395 3327 507 3380 capere:
534 3313 681 3380 quatiatur
706 3311 717 3384 ll
743 3311 779 3366 lu
802 3310 958 3378 similisque
983 3325 1052 3365 corr.
1074 3326 1107 3363 ex

89 3380 250 3449 similesque
267 3381 332 3449 fort.
347 3382 390 3437 A¹
406 3381 417 3466 1]
438 3382 474 3437 20
492 3383 586 3451 inquit
599 3383 628 3437 A
646 3384 743 3452 (mapsa
761 3400 780 3450 q
798 3384 864 3448 rar.)
885 3381 892 3452 l
910 3381 945 3436 27
964 3380 1117 3456 etueu'xeu-

87 3452 126 3506 tis
140 3453 168 3509 Δ
183 3454 428 3522 (priortptmctu
445 3455 562 3582 mad
578 3453 590 3527 ΙΙ
606 3452 643 3509 28
657 3452 852 3525 etiugientes
894 3457 975 3534 auter
990 3447 1141 3508 ennam·

88 3523 126 3576 tis
140 3524 168 3577 A
189 3524 194 3594 l
213 3524 403 3592 persequitur:
422 3525 519 3582 omnia
539 3525 591 3582 'la
610 3527 676 3584 eine
693 3526 742 3582 ire.
759 3526 850 3580 iacit.
874 3519 955 3591 quid
967 3516 1008 3570 Q.
1023 3513 1168 3566 Rosam
