2400 3840
109 216 161 270 AD
175 215 343 271 HELVIAM
356 215 515 271 MATREM
528 215 577 269 DE
592 215 869 272 CONSOLATIONE
884 215 960 273 GAP.
972 223 1004 272 17
1046 220 1112 286 365

96 361 257 427 numerari
282 359 410 426 feminis
437 362 526 426 volo:
555 383 689 444 quarum
715 363 816 426 vitam
844 385 968 448 semper
989 361 1114 428 imitata

97 474 145 534 es,
176 473 285 516 earum
316 452 351 515 in
383 450 556 516 coercenda
584 451 886 536 comprimendaque
914 452 1113 538 aegritudine

97 541 218 626 optime
241 537 382 623 sequeris
406 541 595 623 exemplum.

185 627 287 694 XVII.
325 625 399 694 Scio
422 651 490 693 rem
512 651 579 693 non
601 651 669 694 esse
692 630 727 694 in
748 633 860 695 nostra
877 633 1037 714 potestate
1054 653 1114 697 nec
1134 648 1148 697 1

65 719 199 783 s-ullum
222 718 382 784 adfectum
405 719 537 799 servire,
559 717 691 783 minime
713 740 789 784 vero
813 741 899 802 eum,
922 721 978 803 qui
1002 742 1042 787 ex
1060 721 1114 785 do·

95 809 165 873 lore
187 807 342 891 nssoitrn3
368 806 461 872 ferox
483 806 569 872 enim
591 810 624 872 et
646 807 797 872 adsersus
821 829 915 872 omne
937 808 1114 875 remedium

97 899 270 962 contumax
301 899 358 961 est.
385 932 430 942 —
457 897 605 961 volumus
638 895 767 961 interim
798 897 892 960 illum
920 898 1054 963 obruere
1082 902 1114 964 et

97 985 248 1051 devorare
278 985 429 1071 gemitus:
458 1007 516 1070 per
545 985 652 1068 ipsum
680 988 789 1051 tamen
816 987 1032 1070 compositum
1059 987 1114 1053 fic-

96 1079 229 1158 tumque
258 1075 382 1139 voltum
411 1075 561 1138 lacrimae
590 1073 842 1159 profunduntur3
870 1075 956 1140 ludis
984 1076 1113 1141 interim

52 1187 78 1227 ro
96 1168 152 1229 aut
180 1164 410 1250 gladiatoribus
440 1163 583 1229 animum
612 1184 821 1248 occupamus:
850 1167 883 1227 at
910 1164 1003 1229 illum
1030 1163 1114 1230 inter

95 1254 179 1339 ipsa,
201 1253 317 1338 quibus
341 1255 507 1336 avocatur,
530 1253 712 1335 spectacula
732 1254 813 1318 levis
836 1252 944 1337 aliqua
968 1253 1115 1318 desiderii

94 1347 172 1408 nota
199 1342 332 1407 subruit,
356 1342 495 1406 —ideo
524 1342 638 1407 melius
666 1345 716 1407 est
742 1343 869 1407 vincere
896 1343 990 1407 illum
1018 1359 1148 1425 quama

94 1432 219 1516 fallere3
245 1431 402 1515 namqui
428 1430 556 1496 delusus
585 1435 617 1496 et
643 1432 864 1516 voluptatibus
894 1435 950 1497 aut
980 1453 1115 1517 occupa·

93 1520 237 1585 tionibus
256 1520 411 1585 abductus
434 1524 498 1604 est,
520 1521 660 1606 resurgit
682 1524 714 1585 11
736 1522 807 1605 ipsa
830 1521 937 1604 quiete
959 1522 1116 1605 impetum

50 1630 77 1671 rs
95 1609 136 1673 ad
164 1609 368 1674 saeviendum
395 1610 544 1695 conligit:
572 1613 605 1673 at
633 1610 778 1693 quisquis
801 1611 921 1674 rationi
944 1610 1053 1695 cessit,
1081 1612 1116 1676 in

94 1702 285 1782 perpetuum
308 1699 520 1782 componitur.
565 1720 633 1762 non
655 1721 726 1763 sum
744 1699 853 1782 itaque
871 1700 933 1764 tibi
951 1700 1009 1764 illa
1027 1722 1116 1764 mon-

95 1791 267 1870 straturus,
296 1788 411 1871 quibus
442 1809 518 1852 usos
549 1809 617 1852 esse
647 1788 766 1851 multos
798 1788 879 1870 scio,
908 1792 945 1852 ut
974 1789 1114 1874 peregri-

93 1877 224 1941 natione
251 1879 284 1943 te
306 1877 358 1941 vel
380 1877 479 1962 longa
502 1876 643 1941 detineas
666 1877 718 1941 vel
741 1897 876 1940 amoena
899 1876 1048 1960 delectos,
1077 1880 1114 1941 ut

92 1965 255 2030 rationum
300 1965 556 2049 accipiendarum
604 1965 785 2051 diligentia,
829 1966 1017 2048 patrimonii
1062 1965 1115 2029 ad·

48 2075 75 2116 ao
93 2054 329 2119 ministratione
366 2056 504 2120 multum
541 2077 677 2139 occupes
714 2055 883 2139 temporis,
919 2058 956 2119 ut
988 2076 1114 2138 semper

92 2165 178 2209 novo
208 2147 240 2208 te
270 2144 379 2227 aliquo
408 2145 540 2229 negotio
570 2145 730 2227 implices:
761 2144 869 2209 omnia
896 2143 959 2209 ista
986 2143 1026 2208 ad
1050 2144 1113 2208 exi-

93 2253 194 2318 guum
217 2236 415 2297 momentum
437 2237 574 2316 prosunt
595 2254 655 2298 nec
676 2233 816 2297 remedia
839 2232 959 2298 doloris
983 2232 1038 2298 sed
1056 2233 1115 2299 im-

92 2322 277 2406 pedimenta
300 2326 388 2405 sunt3
412 2344 472 2407 ego
496 2326 602 2386 autem
626 2322 710 2386 malo
734 2322 827 2386 illum
851 2322 994 2387 desinere
1018 2345 1114 2406 quam

93 2410 207 2494 decipi.
229 2412 352 2495 itaque
370 2411 427 2475 1111
446 2414 478 2475 11
497 2411 593 2494 duco,
612 2432 676 2494 quo
696 2411 843 2476 omnibus
848 2460 857 2494 ,
877 2411 933 2495 qui
951 2411 1114 2476 fortunam
1133 2428 1149 2476 1

49 2497 236 2584 refugiunt,
274 2499 523 2585 confugiendum
556 2503 618 2581 est,
654 2501 694 2565 ad
725 2501 870 2565 liberalia
902 2501 1023 2566 studia:
1058 2501 1115 2565 illa
1163 2515 1166 2520 ·

94 2588 253 2653 sanabunt
294 2589 409 2653 vulnus
446 2591 553 2670 tuum,
594 2589 652 2654 illa
688 2611 816 2654 omnem
851 2589 1017 2655 tristitiam
1053 2590 1114 2653 tibi

95 2677 240 2742 evellent.
285 2677 336 2741 his
359 2678 455 2742 etiam
480 2678 508 2742 si
524 2700 702 2761 numquam
720 2679 898 2763 adsuesses,
920 2700 1006 2744 nunc
1023 2682 1114 2742 uten-

94 2765 171 2829 dum
193 2769 274 2851 erat3
302 2766 358 2832 sed
380 2770 536 2851 quantum
558 2767 619 2830 tibi
641 2768 742 2851 patris
765 2768 828 2831 mei
851 2769 1002 2851 antiquus
1024 2768 1114 2852 rigor

92 2854 252 2940 permisit,
276 2877 386 2921 omnes
409 2857 510 2921 bonas
534 2859 616 2920 artes
639 2878 706 2921 non
727 2856 856 2940 quidem
875 2855 1114 2940 comprendisti,

48 2965 74 3005 eo
93 2944 232 3031 attigisti
249 2948 365 3009 tamen.
402 2945 526 3008 utinam
546 2945 674 3029 quidem
693 2946 836 3018 virorum
851 2946 1006 3028 optimus,
1023 2948 1114 3028 pater
1132 2962 1149 3011 4

92 3056 198 3117 meus,
229 3035 335 3099 minus
367 3035 525 3098 maiorum
553 3034 777 3099 consuetudini
804 3034 929 3099 deditus
957 3033 1112 3098 voluisset

93 3127 125 3188 ts
157 3123 336 3207 praeceptis
369 3123 544 3206 sapientiae
576 3124 695 3188 erudiri
725 3125 834 3207 potius
867 3145 964 3206 quam
996 3123 1111 3187 imbuit

183 3295 201 3350 4
219 3296 342 3352 Sciorem
360 3298 388 3352 A
414 3299 472 3353 scio
491 3299 615 3354 dolorem
632 3300 777 3354 Pomanus
795 3304 821 3353 et
837 3314 925 3366 seper
943 3298 1113 3353 Cornelissen

93 3367 151 3422 scio
171 3384 234 3423 eam
252 3369 389 3426 Schultess
401 3368 411 3441 11
429 3371 464 3424 12
482 3371 562 3424 illum
577 3371 605 3425 A
623 3370 738 3423 illusum
757 3368 893 3424 Schultess
909 3368 1032 3436 frostra;
1050 3369 1111 3424 Sco.

92 3441 277 3510 acptcpcotias
302 3442 412 3509 screbat
437 3448 469 3496 ot
496 3443 579 3509 altha
606 3441 656 3508 cfr.
682 3441 743 3495 Job.
764 3441 869 3495 Metlter
893 3442 925 3494 io
949 3447 1000 3495 act.
1023 3441 1112 3495 Acad.

99 3511 212 3566 Viadob.
234 3511 369 3568 CXVIII
382 3518 463 3580 p.17
485 3514 578 3568 adnot.
597 3519 613 3566 1
637 3513 647 3584 Η
668 3511 704 3566 13
723 3511 906 3583 11111111111
923 3513 956 3564 et
976 3513 1124 3584 nasas,

94 3582 128 3636 de
147 3599 248 3639 rastra
266 3588 320 3652 est,·
337 3582 386 3640 ult.
406 3585 420 3639 t
438 3585 470 3641 ia
488 3603 545 3642 ros.
565 3586 678 3656 scripsit
695 3585 765 3653 tort.
781 3587 926 3646 111111
942 3581 977 3628 eu
990 3573 1108 3625 1111,
