2400 3840
245 191 296 245 AD
315 188 487 245 MARCIAM
505 188 554 244 DE
574 188 851 245 CONSOLATIONE
871 190 948 248 OAP.
964 197 997 246 20
1067 195 1129 260 181

202 335 271 400 XX.
310 333 337 400 0
355 335 485 421 ignaros
500 338 658 401 malorum
673 357 815 419 suorum,
833 336 950 421 quibus
964 358 1031 402 non
1044 359 1131 404 mors
1150 355 1165 403 1

27 430 29 435 ’
113 429 151 490 ut
174 425 333 510 optimum
354 425 523 490 inventum
544 428 678 490 natiuae
699 425 851 491 laudatur
872 430 1133 512 expectaturque,

113 515 180 579 sive
202 514 391 580 felicitatem
409 513 559 597 includit,
582 514 649 579 sive
668 513 883 579 calamitatem
901 515 1042 600 repellit,
1064 517 1132 581 sive

113 604 293 669 satietatem
317 625 354 669 ac
373 602 597 668 lassitudinem
616 603 700 667 senis
718 603 884 688 terminat,
906 603 974 669 sive
992 604 1131 671 iuvenile

81 714 225 758 saevom
256 690 333 756 dum
363 692 496 757 meliora
526 695 696 776 sperantur
724 692 759 756 in
785 693 865 758 flore
893 693 1035 777 deducit,
1064 694 1132 760 sive

111 781 284 865 pueritiam
308 784 382 846 ante
406 781 549 847 duriores
573 781 690 867 gradm
713 785 857 865 revocat,
880 782 1029 847 omnibus
1048 783 1131 867 finis,

112 871 224 936 multis
246 870 437 952 remedium,
464 869 656 953 quibusdam
679 873 806 954 votum,
834 870 873 935 de
894 870 993 936 nullis
1016 871 1130 938 melius

112 958 227 1024 merita
245 981 342 1042 quam
360 959 399 1025 de
417 960 460 1043 is,
478 959 518 1023 ad
533 980 613 1042 quos
627 959 716 1023 venit
730 963 901 1043 antequam
915 960 1131 1025 invocaretur!

111 1047 191 1114 haec
205 1049 392 1113 servitutem
405 1048 508 1113 invito
523 1048 654 1114 domino
668 1048 818 1132 remittit3
836 1049 916 1114 haec
930 1049 1131 1133 captivorum
1150 1066 1165 1114 a

66 1160 94 1200 ιο
112 1141 240 1203 catenas
258 1138 357 1221 levat3
375 1138 455 1203 haec
469 1160 486 1202 e
500 1158 625 1203 carcere
643 1137 751 1203 educit
764 1159 845 1222 quos
860 1137 945 1203 exire
959 1138 1131 1222 imperium

111 1226 260 1311 inpotens
293 1230 451 1311 vetuerat3
483 1226 562 1292 haec
592 1225 739 1292 exulibus
770 1227 805 1290 in
836 1226 973 1311 patriam
1006 1249 1132 1312 semper

111 1316 254 1381 animum
279 1316 453 1399 oculosque
475 1315 681 1381 tendentibus
705 1315 847 1381 ostendit
867 1315 952 1381 nihil
969 1317 1132 1401 interesse,

110 1405 195 1470 infra
213 1427 294 1489 quos
314 1405 385 1488 quis
404 1406 519 1489 iaceat,
541 1405 634 1489 haec,
657 1405 715 1469 ubi
732 1427 783 1470 res
802 1406 983 1471 communis
1001 1405 1132 1470 fortuna

111 1495 194 1559 male
222 1494 331 1559 divisit
359 1498 391 1559 et
421 1516 523 1578 aequo
547 1494 615 1559 iure
639 1494 765 1580 genitos
789 1494 888 1559 alium
911 1495 967 1560 alii
990 1495 1132 1578 donauit,

65 1603 92 1644 rs
111 1586 268 1666 exaequat
291 1582 413 1666 omnia3
442 1583 521 1647 haec
545 1587 607 1666 est,
635 1587 711 1666 post
734 1605 831 1666 quam
854 1583 937 1648 nihil
960 1583 1131 1669 quisquam

111 1671 216 1736 alieno
234 1670 312 1736 fecit
329 1671 476 1755 arbitrio,
493 1671 573 1736 haec
591 1674 652 1755 est,
670 1672 707 1736 in
724 1694 788 1756 qua
805 1694 900 1737 nemo
914 1673 1131 1738 humilitatem

111 1781 203 1824 suam
226 1759 339 1841 sensit3
361 1759 441 1825 haec
464 1763 525 1843 est,
549 1781 630 1843 quae
649 1761 731 1824 nulli
749 1782 815 1825 non
833 1761 953 1845 patuit3
975 1761 1055 1826 haec
1073 1766 1132 1845 est,

110 1847 245 1931 Marcia,
272 1869 368 1932 quam
396 1851 488 1932 pater
510 1852 584 1913 tuus
608 1851 775 1932 concupit3
803 1849 883 1914 haec
905 1853 966 1932 est,
989 1850 1131 1933 inquam,

112 1958 193 2021 quae
217 1936 330 2018 efficit,
357 1940 394 2000 ut
415 1937 506 2003 nasci
527 1959 595 2001 non
618 1937 661 2002 sit
683 1937 893 2022 supplicium,
916 1960 998 2021 quae
1022 1937 1132 2021 efficit,

65 2048 92 2088 eo
109 2031 147 2090 ut
173 2047 240 2091 non
267 2024 434 2091 concidam
461 2025 612 2091 adversus
640 2026 743 2091 minas
771 2047 918 2109 casuum,
944 2029 982 2090 ut
1005 2048 1130 2092 servare

110 2114 253 2180 animum
281 2116 404 2181 salvom
427 2136 465 2180 ao
487 2118 653 2200 potentem
678 2115 728 2180 sui
750 2114 886 2199 possim:
916 2114 1019 2181 habeo
1044 2116 1130 2200 quod

110 2206 278 2290 appellem.
315 2205 408 2270 video
432 2204 506 2270 istic
524 2225 633 2270 cruces
656 2226 723 2269 non
740 2203 836 2269 unius
856 2203 985 2288 quidem
1004 2205 1129 2291 generis
1149 2219 1165 2268 s

109 2294 166 2360 sed
188 2294 281 2359 aliter
304 2294 343 2359 ab
367 2293 438 2359 aliis
461 2293 648 2359 fabricatas:
676 2293 780 2378 capite
804 2293 935 2377 quidam
958 2314 1129 2361 conversos

108 2383 144 2447 in
161 2387 281 2449 terram
299 2383 505 2467 suspendere,
523 2383 580 2448 alii
596 2406 655 2466 per
673 2383 811 2448 obscena
829 2383 971 2466 stipitem
987 2387 1130 2469 egerunt,

64 2492 90 2532 aa
109 2471 165 2535 alii
183 2471 314 2537 brachia
332 2472 479 2556 patibulo
497 2473 733 2557 explicuerunt3
750 2471 844 2537 video
860 2471 1017 2556 fidiculas,
1034 2473 1128 2538 video

109 2560 254 2641 verbera,
282 2564 315 2625 et
336 2561 489 2627 membris
512 2562 648 2648 singulis
672 2560 815 2626 articulis
839 2561 966 2647 singula
987 2561 1011 2645 †
1034 2562 1130 2627 docu-

110 2652 204 2714 erunt
231 2648 501 2715 machinamenta:
531 2654 566 2714 at
589 2651 683 2715 video
709 2653 743 2715 et
766 2654 913 2715 mortem.
953 2653 1030 2716 sunt
1056 2651 1129 2716 istic

109 2738 218 2803 hostes
237 2738 374 2822 cruenti,
394 2739 479 2804 cives
498 2738 642 2823 superbi:
661 2739 716 2804 sed
734 2739 828 2804 video
847 2739 921 2805 istic
934 2743 967 2805 et
981 2744 1128 2805 mortem.

197 2914 215 2969 ὅ
233 2913 350 2969 deducit
367 2914 396 2969 A
420 2912 530 2968 decutit
550 2914 630 2969 Koob
655 2913 763 2968 decidit
784 2913 865 2970 Gertz
890 2914 1042 2984 (praecidit
1065 2913 1127 2970 Seu.

108 2987 184 3054 epist.
203 2991 247 3052 66,
257 2988 306 3057 42)
330 2985 341 3058 11
365 2984 384 3039 d
406 2985 526 3039 durioris
544 2986 573 3040 A
597 2984 607 3058 11
632 2984 650 3040 8
667 2985 692 3039 is
711 2987 743 3039 at
755 2985 798 3040 A²
810 3002 879 3041 corr.
893 2987 925 3040 in
942 2985 988 3040 his
1007 2985 1129 3056 1111Αὸ11

108 3056 142 3111 11
161 3059 256 3126 patria
269 3059 298 3114 A
315 3056 325 3131 11
345 3056 381 3111 12
398 3055 528 3112 tendenti
542 3055 584 3112 A¹
597 3073 664 3112 corr.
680 3057 722 3112 Αὗ
743 3056 746 3128 1
767 3055 911 3111 obstendit
925 3057 953 3111 A
970 3056 980 3128 11
997 3055 1033 3110 13
1051 3053 1128 3108 infra

108 3141 214 3197 quos&
237 3128 313 3184 infra
336 3129 412 3198 quod
432 3129 497 3184 AF
517 3127 592 3183 infra
615 3127 684 3197 quid
704 3129 814 3199 Siesbeye
838 3128 848 3201 11
873 3127 908 3182 15
931 3127 1080 3197 quisquam
1100 3127 1132 3181 F

108 3200 261 3268 quicquam
274 3201 303 3255 A
321 3200 330 3272 11
347 3200 381 3254 21
401 3200 481 3255 saluo
501 3200 561 3269 (aut
574 3199 661 3269 salus)
679 3206 712 3254 ut
725 3200 780 3254 oid.
795 3199 838 3255 A²
851 3199 933 3252 salusr
946 3198 988 3254 A⁵
1000 3197 1011 3281 11
1028 3197 1064 3251 22
1078 3197 1127 3251 isti

107 3271 136 3355 A
157 3271 160 3343 1
181 3288 237 3326 non
255 3273 283 3328 A
306 3287 341 3326 ne
365 3271 444 3355 Gertz
468 3271 479 3345 11
503 3271 540 3326 24
557 3271 664 3325 interra
681 3272 709 3327 A
727 3269 737 3343 11
761 3270 797 3324 26
815 3269 934 3340 singulis
953 3268 1080 3323 art1culis
1099 3269 1128 3352 A

108 3345 293 3468 iustu
306 3344 454 3485 brisce
466 3340 1128 3483 ii·clls„⁶2rsu*asuuatusi

109 3485 259 3611 qupntiupp
272 3485 364 3540 mach.
379 3486 521 3554 temptavit
533 3485 669 3540 Schultess
686 3484 697 3557 11
713 3484 749 3539 21
764 3486 795 3538 at
811 3484 896 3537 uideo
913 3484 941 3537 Ε
958 3485 991 3536 et
1004 3483 1097 3534 uidae
1111 3483 1141 3532 n

109 3569 138 3608 se
175 3572 201 3610 v.
256 3562 317 3611 uret
