2400 3840
111 257 161 312 sn
180 255 373 312 rsvamvu
390 255 440 310 aa
458 253 794 310 susurrantium
813 238 889 312 om.
906 259 948 310 se.
964 259 997 310 re
1039 256 1102 323 30u

86 402 224 489 pressit?
271 402 379 489 cogita
409 405 585 486 praeterea,
617 404 773 486 quantum
805 400 1031 466 sollicitudinis
1063 400 1139 468 sits

87 493 127 558 ed
149 496 273 558 tantam
296 495 328 556 te
351 491 470 556 molem
494 489 633 556 obicere:
656 511 730 555 cum
752 493 863 555 ventre
885 489 945 555 tibi
963 491 1105 556 humano

86 582 253 668 negotium
276 584 338 665 est3
359 601 419 645 nec
441 580 599 645 rationem
621 578 744 664 patitur
764 599 824 644 nec
842 580 1003 664 aequitate
1021 580 1106 646 miti-

87 674 183 758 gatur
204 691 264 735 nec
285 670 353 734 ulla
374 689 468 754 prece
491 668 634 734 flectitur
653 668 793 753 populus
817 669 967 734 esuriens.
1008 669 1105 735 modo

57 760 184 825 amodo
215 761 300 823 intra
327 778 448 841 paucos
477 757 552 823 illos
578 758 659 842 dies,
689 756 804 841 quibus
829 755 861 821 O.
877 755 993 824 Caesar
1013 761 1107 844 perit,

88 850 116 914 si
139 847 211 932 quis
233 847 344 912 inferis
368 867 478 912 sensus
502 849 565 930 est,
586 847 649 912 hoc
672 846 860 933 grauissime
878 847 998 931 ferens,
1020 848 1107 933 quod

88 936 209 1003 sciebat
226 936 349 1021 populo
363 934 510 1001 Romano
529 934 695 1020 superstiti
713 939 836 1020 septem
855 938 912 1000 aut
930 939 1003 1002 octo
1023 941 1107 1002 certe

89 1026 212 1091 dierum
250 1025 368 1091 cibaria
404 1045 583 1110 superesse,
619 1025 696 1089 dum
731 1024 787 1090 ille
823 1028 938 1109 pontes
971 1025 1107 1091 nauibus

88 1113 195 1201 iungit
213 1119 245 1180 et
262 1114 385 1180 viribus
403 1113 519 1198 imperi
536 1113 633 1198 ludit,
652 1114 761 1179 aderat
778 1114 930 1180 ultimum
948 1115 1107 1197 melorum

43 1229 70 1269 ιο
88 1203 226 1270 obsessis
251 1226 394 1289 qnoque,
416 1203 642 1268 alimentorum
666 1206 805 1290 egestas3
828 1203 926 1268 exitio
949 1225 1050 1287 paene
1071 1225 1108 1270 ac

87 1294 172 1359 fame
195 1293 341 1360 constitit
359 1296 405 1377 et,
424 1315 505 1377 quae
523 1292 641 1357 famem
661 1292 819 1377 sequitur,
835 1314 943 1358 rerum
962 1293 1107 1359 omnium

86 1384 181 1448 ruina
202 1382 317 1448 furiosi
340 1385 372 1447 et
395 1382 518 1447 externi
541 1385 573 1446 et
595 1381 767 1447 infeliciter
787 1382 917 1466 superbi
935 1382 1020 1468 regis
1038 1382 1108 1446 imi-

87 1471 176 1536 tatio.
223 1494 318 1555 quem
340 1473 419 1536 tunc
441 1470 585 1535 animum
607 1470 789 1535 habuerunt
811 1470 874 1554 illi,
901 1470 1017 1555 quibus
1040 1474 1143 1538 erato

87 1560 238 1625 mandata
269 1560 422 1624 frumenti
454 1558 577 1642 publici
608 1580 697 1643 cura,
727 1580 817 1644 saxa,
846 1559 980 1645 ferrum,
1007 1560 1108 1646 ignes,

44 1671 70 1712 rs
90 1647 205 1713 Gaium
228 1646 414 1731 excepturi?
450 1668 576 1712 summa
599 1647 853 1713 dissimulatione
875 1651 1002 1715 tantum
1025 1649 1109 1715 inter

88 1738 211 1802 viscera
242 1736 372 1801 latentis
405 1737 483 1800 mali
513 1736 680 1822 tegebant,
712 1758 786 1802 cum
817 1737 941 1802 ratione
974 1738 1109 1822 scilicet3

90 1826 245 1909 quaedam
269 1825 354 1889 enim
376 1825 600 1912 ignorantibus
620 1826 723 1912 aegris
743 1826 883 1891 curanda
901 1829 990 1899 suut:
1014 1848 1109 1892 causa

89 1915 199 1979 multis
223 1914 381 1979 moriendi
403 1914 466 1978 fuit
488 1915 637 1979 morbum
660 1935 754 1979 snum
777 1935 881 1979 nosse.

178 2019 264 2086 XIX.
304 2019 423 2106 Recipe
455 2025 487 2086 te
519 2022 559 2085 ad
591 2021 671 2086 haec
707 2021 943 2105 tranquilliora,
979 2021 1142 2106 tutiora,1

45 2135 71 2175 so
89 2111 224 2175 moioral
275 2110 379 2175 simile
412 2113 448 2175 tu
479 2114 574 2195 putas
607 2132 688 2194 esse,
720 2113 829 2174 utrum
862 2114 1033 2193 cures‚·ut
1061 2111 1109 2176 in-
1167 2115 1169 2120 ’

89 2204 276 2284 corruptum
306 2203 339 2265 et
368 2222 387 2263 a
416 2199 527 2265 fraude
557 2199 783 2265 advehentium
810 2202 842 2263 et
865 2221 885 2264 a
905 2199 1109 2286 neglegentia

88 2290 286 2355 frumentum
303 2288 547 2354 transfundatur
564 2290 600 2353 in
617 2290 746 2371 horrea,
763 2310 803 2352 ne
822 2292 978 2372 concepto
996 2311 1109 2356 umore

88 2378 221 2443 vitietur
257 2382 289 2443 et
321 2379 534 2462 concalescat,
565 2381 603 2443 ut
634 2379 675 2443 sd
707 2397 889 2442 mensuram
918 2377 1109 2464 pondusque

89 2468 294 2550 respondeat,
323 2491 365 2532 an
392 2467 432 2532 ad
454 2469 534 2533 haec
556 2488 647 2533 sacra
670 2470 702 2531 et
724 2466 874 2532 sublimia
896 2468 1026 2533 accedas
1050 2469 1109 2534 soi-

45 2577 71 2619 rs
89 2559 196 2638 turus,
224 2578 306 2640 quae
329 2557 463 2621 materia
485 2557 528 2621 sit
550 2556 615 2639 dei,
640 2577 722 2640 quae
744 2556 907 2640 voluptas,
931 2579 1012 2640 quae
1035 2579 1109 2623 con·

92 2644 191 2727 dicio,
214 2666 296 2728 quae
319 2645 437 2728 forma3
460 2645 532 2730 quis
556 2645 699 2709 animum
721 2648 815 2709 tuum
838 2666 930 2710 cesus
949 2650 1109 2731 expectet3

91 2733 147 2797 ubi
169 2754 229 2798 nos
252 2756 272 2796 a
295 2735 483 2817 corporibus
507 2733 655 2799 dimissos
678 2737 793 2799 natura
816 2739 1001 2820 componat3
1032 2736 1109 2820 quid

180 2909 196 2964 1
216 2909 254 2963 sit
273 2909 310 2962 ad
329 2910 411 2964 tants,
428 2911 457 2964 te
476 2909 550 2964 mole
569 2909 679 2966 obicere
698 2910 740 2965 A³
761 2917 794 2966 nt
810 2911 879 2982 oolp.
898 2913 989 2966 editur
1012 2911 1050 2965 sit
1072 2909 1110 2963 ad

91 2983 199 3050 quanta
216 2982 297 3035 tante
315 2997 361 3035 mo
382 3022 498 3037 ......
517 2980 559 3036 A¹
576 2988 610 3038 nt
626 2983 681 3037 oid.
707 2981 717 3054 ΗΗ
741 2981 759 3036 5
781 2982 856 3052 perit
878 2984 910 3037 in
932 2982 1018 3052 periit
1040 2997 1108 3037 corr.

90 3052 133 3107 Α1
156 3052 167 3125 ΗΗ
191 3052 209 3106 6
231 3053 396 3122 gravissime
414 3051 541 3108 Eanum.²
558 3052 718 3123 gratissime
732 3054 760 3108 A
785 3053 789 3125 Η
814 3054 891 3122 quod
914 3052 1022 3108 sciebat
1043 3068 1108 3121 pop.

90 3124 171 3178 Rom.
193 3123 339 3193 superstiti
363 3125 463 3191 scripsi
500 3130 532 3178 nt
553 3127 623 3180 coni.
644 3125 756 3195 Stonpl,
779 3126 827 3193 qni
849 3131 940 3180 tanuen
959 3123 1110 3193 superstite

90 3197 188 3250 retinet
206 3195 282 3264 quod
301 3194 428 3266 dicebat}
443 3165 481 3250 ..13
491 3194 525 3250 It.
540 3211 625 3265 super
642 3197 709 3250 stite
723 3196 751 3250 A
770 3194 846 3263 quod
863 3213 891 3263 p.
902 3196 934 3250 R.
950 3195 1109 3338 superstite,

92 3266 225 3321 dicebant
240 3268 359 3338 Madvip
381 3265 458 3336 quod
477 3265 611 3321 dicebant
628 3285 655 3336 p.
670 3267 703 3321 R.
719 3267 865 3335 superstiti
885 3267 966 3322 Gertz
1023 3264 1059 3320 12
1082 3267 1111 3320 et

91 3344 155 3393 ante
169 3339 277 3393 externi
291 3339 342 3392 dcl.
359 3338 439 3393 Gertz
454 3337 518 3405 fort.
532 3345 602 3394 reete
622 3338 625 3411 Η
642 3338 678 3393 14
690 3339 757 3408 igne
771 3339 883 3408 sgaium
897 3337 1055 3407 exceptoris
1068 3336 1110 3392 A¹

92 3424 159 3463 corr.
179 3408 236 3476 A¹‚·
258 3411 504 3478 interpunctionem
522 3426 577 3465 one
618 3411 676 3465 anit
696 3410 777 3465 Gertz
796 3415 881 3463 cura?
909 3425 978 3463 saxa
996 3453 1001 3463 .
1018 3451 1045 3465 ..
1064 3424 1109 3463 ex-

93 3481 202 3548 cepturi
221 3496 329 3534 summa
347 3482 416 3551 oolp.
435 3480 444 3552 ΗΗ
463 3479 499 3534 22
518 3483 655 3551 concepti
674 3497 721 3536 ore
735 3479 777 3535 11¹
795 3497 863 3536 corr.
879 3480 921 3535 A³
937 3479 1004 3550 llas
1020 3480 1118 3530 euerte-

92 3552 154 3603 scat
172 3552 288 3607 Wolters
311 3549 322 3622 ΗΗ
346 3550 381 3606 25
405 3552 452 3607 dei
469 3553 501 3606 in
519 3569 576 3608 ros.
592 3552 632 3609 Α8
652 3552 710 3608 uus
728 3553 814 3608 multi
832 3551 898 3606 eoo.
910 3551 931 3619 Η
944 3547 1095 3607 nouenae
1116 3541 1147 3587 Β

91 3621 253 3677 uoluntass'
265 3621 280 3696 ΗΗ
295 3622 332 3680 27
351 3640 369 3678 a
387 3642 408 3682 8.
423 3643 450 3684 o.
465 3625 534 3684 add.
547 3625 592 3684 Αι

893 3683 1022 3776 ‹ro'
1175 3672 1184 3777 l
