2400 3840
189 197 240 252 AD
260 196 474 255 GALLIONEM
491 196 540 250 DE
559 195 649 250 VITA
666 196 790 251 BEATA
809 195 885 252 CAP.
902 203 943 253 1⁷.
960 202 994 253 18
1035 199 1101 266 215

83 367 129 428 es,
152 347 273 409 utnon
289 342 416 408 noveris
435 342 591 426 pauculos
610 363 732 425 servos,
750 345 807 407 aut
824 346 892 407 tam
908 342 1102 427 luxuriosus,

82 436 119 497 ut
145 434 252 516 plnres
280 432 398 497 habeas
422 452 519 514 quam
543 452 680 514 quorum
703 432 838 496 notitiae
860 432 1014 497 memoria
1037 433 1102 499 suf·

82 521 207 587 ficiat?'
229 557 274 570 —
297 520 454 586 adiuvabo
482 520 654 605 postmodo
683 520 827 585 convicia
850 524 883 585 et
904 521 999 605 plura
1020 521 1102 586 mihi
1120 538 1136 586 3

83 632 179 694 quam
209 614 304 696 putas
334 609 486 692 obiciam,
517 630 605 674 nunc
633 609 696 674 hoc
725 608 903 694 respondeo
930 610 1004 675 tibi:
1035 632 1102 676 non

52 719 154 765 asum
184 700 311 784 sapiens
339 701 384 782 et,
413 700 451 762 ut
477 698 730 763 malivolentiam
756 702 847 762 tuam
869 720 1013 783 pascam,
1042 721 1102 765 nec

83 811 145 854 ero.
192 790 283 874 exige
305 788 414 871 itaque
437 809 456 851 a
478 809 543 871 me,
565 809 633 852 non
654 791 692 851 ut
715 787 845 871 optimis
868 808 927 871 par
950 788 1024 871 sim,
1047 788 1102 855 sed

83 882 120 942 ut
142 877 235 942 malis
258 877 385 942 melior:
407 877 471 941 hoc
493 875 574 941 mihi
597 876 674 942 satis
698 879 759 959 est,
782 876 899 942 cotidie
922 877 1044 960 aliquid
1063 899 1103 942 ex

83 967 170 1032 vitiis
204 967 284 1032 meis
317 965 442 1030 demere
472 968 505 1030 et
534 987 655 1031 errores
685 987 774 1030 meos
807 965 984 1051 obiurgare.
1036 983 1138 1031 nona

82 1055 215 1141 perveni
244 1055 284 1120 ad
314 1054 498 1137 sanitatem,
528 1077 570 1120 ne
599 1055 783 1138 perveniam
813 1054 956 1138 quidem,
986 1055 1103 1119 deleni-

37 1147 190 1210 ramenta
217 1144 321 1231 magis
349 1165 447 1229 quam
473 1143 614 1208 remedia
636 1142 798 1229 podagrae
820 1165 909 1208 meae
933 1165 1104 1227 compone,

83 1237 267 1318 contentus,
299 1233 326 1300 si
355 1233 459 1298 rarius
489 1233 612 1298 accedit
639 1235 672 1297 et
701 1233 729 1298 si
758 1232 864 1299 minus
893 1232 1104 1297 verminatur:

83 1324 196 1389 vestris
216 1323 345 1408 quidem
363 1322 498 1407 pedibus
517 1324 723 1406 conparatus,
742 1321 877 1405 debiles,
897 1343 1009 1388 cursor
1022 1344 1103 1388 sum.

81 1412 161 1478 haec
182 1435 250 1478 non
272 1433 332 1496 pro
355 1433 407 1477 me
429 1413 547 1496 loquor
563 1448 609 1457 —
627 1433 687 1497 ego
706 1411 792 1476 enim
810 1411 844 1475 in
863 1411 928 1476 alto
948 1411 1102 1476 vitiorum

83 1503 228 1569 omnium
251 1523 323 1567 sum
345 1537 403 1585 -,
427 1500 483 1566 sed
505 1522 565 1585 pro
588 1500 736 1584 illo,›cui
759 1499 881 1584 aliquid
904 1500 969 1566 acti
992 1502 1048 1567 est.

38 1628 64 1669 15
172 1605 290 1671 XVIII.
328 1604 463 1670 ‘Ahar’
477 1606 585 1689 inquis
600 1606 769 1690 loqueris,
788 1607 881 1671 aliter
897 1605 1002 1672 vivis?
1032 1605 1104 1689 hoc,
1123 1625 1138 1672 1

83 1695 317 1780 malignissima
353 1695 460 1778 capita
496 1698 529 1759 et
565 1695 689 1776 optimc
726 1695 841 1777 cuique
873 1695 1104 1777 inimicissima,

84 1783 213 1848 Platoni
250 1781 411 1848 obiectum
448 1786 508 1865 est,
550 1783 711 1847 obiectum
746 1781 905 1867 Epicuro,
943 1783 1103 1849 obiectum

84 1871 219 1953 Zenoni3
252 1891 362 1936 omnes
385 1871 472 1936 enim
495 1871 549 1936 isti
572 1871 720 1936 dicebant
744 1892 811 1935 non
835 1870 1104 1954 quemadmodum

85 1961 147 2046 ipsi
168 1961 325 2044 viverent,
349 1961 403 2025 sed
423 1959 692 2045 quemadmodum
716 1963 800 2026 esset
822 1959 901 2042 ipsis
923 1959 1104 2024 vivendum.

39 2072 66 2113 so
84 2051 123 2116 de
145 2049 278 2134 virtute,
300 2071 367 2114 non
390 2049 428 2115 de
451 2071 503 2115 me
521 2050 651 2133 loquor,
674 2052 798 2114 etcum
816 2048 904 2112 vitiis
923 2048 1105 2114 convicium

83 2140 183 2223 facio,
209 2140 244 2204 in
266 2139 379 2224 primis
403 2138 481 2204 meis
504 2138 602 2203 facio:
626 2159 699 2203 cum
722 2140 872 2222 potuero,
896 2137 1003 2202 vivam
1027 2158 1104 2220 quo·

84 2230 180 2295 modo
210 2232 345 2314 oportet.
391 2249 451 2294 nee
479 2226 665 2312 malignitas
695 2226 832 2292 meista
855 2226 958 2291 multo
981 2245 1139 2293 venenoa

84 2320 186 2384 tincta
215 2317 387 2383 deterrebit
416 2317 456 2383 ab
487 2317 632 2401 optimis3
661 2338 702 2380 ne
731 2315 819 2380 virus
850 2315 978 2398 quidem
1008 2316 1104 2400 istud,

85 2430 150 2492 quo
173 2407 253 2473 elios
277 2406 442 2492 spargitis,
467 2427 531 2490 qno
554 2428 613 2471 vos
631 2405 768 2489 necatis,
792 2426 843 2469 me
860 2404 1016 2488 inpediet,
1040 2426 1104 2488 quo

39 2516 66 2557 25
85 2497 191 2561 minus
218 2518 417 2580 perseverem
440 2495 571 2561 laudare
594 2495 710 2577 vitam,
735 2516 802 2559 non
826 2515 922 2577 quam
945 2515 1021 2581 ago,
1049 2495 1105 2560 sed

86 2606 182 2669 quam
211 2586 367 2670 agendam
397 2585 478 2669 scio,
511 2606 575 2668 quo
605 2584 712 2649 minus
739 2582 891 2647 virtutem
920 2583 1050 2649 adorem
1073 2587 1106 2648 et

86 2697 125 2738 ex
155 2673 324 2739 intervallo
355 2674 480 2759 ingenti
507 2671 726 2758 reptabundus
756 2694 878 2756 sequar.
929 2673 1140 2756 expectab03

86 2763 222 2845 seilicet,
244 2766 282 2827 ut
304 2761 477 2847 quicquam
499 2761 737 2827 malivolentiae
760 2761 951 2826 inviolatum
974 2761 1030 2845 sit,
1052 2761 1105 2826 cui
1140 2827 1142 2832 ,

174 2918 339 2991 lmemorie
353 2919 382 2973 A
395 2935 463 2974 corr.
477 2920 546 2989 ooty.
565 2918 576 2991 t
593 2917 611 2973 t
624 2934 677 2988 par
691 2918 744 2972 sIm
759 2934 793 2973 ee
805 2917 912 2988 passim
926 2934 995 2973 corr.
1005 2917 1082 2970 ΑΜ
1095 2915 1106 2988 Η

85 2990 103 3045 b
120 2990 257 3060 perveni.
273 3032 279 3043 .
295 3033 301 3045 .
317 2989 478 3059 perveniam
492 3002 510 3043 ς
527 2989 678 3058 peruenit.
695 3032 701 3045 .
717 3032 723 3044 .
739 2988 889 3058 perueniat
901 2990 930 3043 A
947 2987 958 3060 tl
975 2988 1009 3042 11
1023 3002 1105 3041 uera·

84 3063 210 3117 minatur
223 3064 251 3117 A
269 3077 336 3117 corr.
352 3079 386 3116 ex
399 3067 449 3116 oet.
463 3062 574 3130 excerpt.
594 3062 633 3117 Η.
647 3061 803 3130 Stephanus
820 3059 823 3131 l
848 3060 883 3114 12
898 3057 1065 3128 conparatui
1077 3059 1105 3112 A

85 3134 106 3202 (i
128 3134 252 3189 radendo
273 3148 341 3188 corr.
361 3149 395 3188 ex
417 3134 440 3202 r)
466 3149 535 3187 corr.
555 3133 625 3202 ooly.
649 3132 664 3258 ὲ
685 3131 792 3187 debiles
839 3147 923 3186 rocco
944 3136 969 3184 et
987 3129 1106 3200 Bentley

85 3203 188 3259 debilis
206 3205 235 3259 A
258 3207 384 3273 <n0n>
408 3203 510 3258 debilis
534 3219 556 3257 c.
576 3205 648 3260 Rosa
665 3204 717 3258 oet
744 3204 748 3275 t
776 3219 871 3257 cursor
890 3200 933 3256 A⁶
956 3199 967 3272 (t
993 3199 1029 3254 13
1051 3215 1104 3278 ego

85 3276 160 3330 enlm
177 3277 247 3346 ootp.
271 3279 321 3331 enr'
336 3290 388 3346 ego
407 3276 436 3330 A
458 3275 563 3330 etenim
582 3290 634 3345 ego
656 3274 750 3341 Gertz,
771 3274 818 3328 sed
841 3272 946 3327 etenim
969 3288 1106 3340 aaeqoam

85 3348 205 3402 inventri
223 3363 268 3415 ap.
287 3346 348 3404 Sea.
367 3348 399 3400 ia
416 3347 575 3415 parenthesi
592 3351 682 3401 meoet
699 3345 834 3401 Reioeclce
850 3345 883 3398 att
900 3343 965 3398 dtas.
980 3343 1105 3397 Mmtost.

85 3423 201 3487 189010.
217 3422 252 3472 18
269 3417 279 3489 Η
297 3417 332 3472 la
349 3417 420 3487 ipsis
439 3418 490 3473 det.
505 3418 602 3472 Maret
619 3416 629 3488 tt
648 3415 684 3470 23
701 3415 792 3470 uirtus
811 3431 880 3470 corr.
894 3415 926 3468 ia
943 3413 1021 3468 uirus
1036 3413 1078 3469 A⁶
1095 3413 1111 3484 [t

85 3486 121 3542 24
138 3504 187 3543 vos
205 3489 314 3543 necatis
333 3501 351 3543 ς
374 3489 447 3558 quod
470 3505 504 3543 ec
527 3489 603 3557 epist.
624 3492 669 3556 81,
683 3491 721 3542 22
743 3486 825 3542 Gesta
844 3485 975 3551 tetanos
991 3499 1054 3534 aas
1066 3496 1123 3531 ne-

85 3558 162 3629 gatis
176 3561 204 3613 A
224 3559 229 3630 1
248 3574 294 3614 me
310 3561 379 3631 colp.
398 3561 428 3614 te
442 3561 471 3615 A
