2400 3840
99 199 165 266 144
300 192 914 251 n.sNNAulsuN1scnnn1Ann113.v.

98 343 176 427 quid
206 362 283 428 ergo
310 341 475 406 aliudt
425 345 487 425 est,
513 340 600 424 quod
622 341 729 407 illos
719 358 757 404 ιιι·
776 339 908 424 publico
929 360 997 404 non
1020 339 1118 404 offen·

98 432 165 516 dat,
189 430 278 496 domi
300 433 441 514 moveat,
464 450 561 514 quam
583 430 694 514 opinio
717 427 785 494 illic
808 448 910 513 aequa
932 431 967 493 et
982 429 1117 513 patiens,

98 482 186 586 donii
208 523 392 586 moroseet
414 517 570 603 querulo?

64 663 78 711 1
187 641 335 709 XXXVI.
368 641 487 709 Omnes
511 665 622 709 sensus
644 641 840 744 perducendi
863 645 939 708 sunt
924 641 1001 706 tad
1019 641 1119 706 firmi-

97 737 275 817 tatem3na
233 735 348 798 natura
370 732 528 818 patientes
552 735 641 816 sunt,
664 732 693 798 si
710 731 836 796 animus
855 731 929 796 illos
948 730 1032 797 desib
1050 753 1118 796 cor·
1148 749 1159 790 ι

97 782 1119 977 ιιιιιιιιιιειιιιιιιιιιιιιιιιι

960 958 969 992 7

98 1001 139 1068 ad
161 1004 352 1067 nocturnam
375 1001 516 1084 quietem
537 913 722 1084 rs'cepisset,
745 998 958 1083 interrogaret
975 999 1119 1064 animum

99 1112 205 1157 suum:
252 1088 355 1173 quod
383 1088 480 1153 hodie
507 1087 629 1154 malum
656 1091 748 1153 tuum
776 1086 917 1154 sanasti?
961 1087 1015 1153 oui
1037 1087 1118 1152 vitio

63 1180 171 1245 sobet
172 1179 241 1244 itist
226 1178 274 1243 ti?
320 1200 385 1262 quc
410 1181 502 1261 parte
526 1179 641 1243 melior
664 1175 734 1243 esV'
780 1176 935 1242 desinet
889 1179 974 1241 tna
996 1179 1030 1242 et
1052 1198 1119 1242 mo·
1137 1196 1161 1237 ιο

99 1268 238 1334 deratior
267 1267 341 1350 erit,
371 1288 452 1350 quae
482 1266 562 1332 sciet
547 1265 650 1332 tsibi
678 1264 795 1331 cotidie
822 1265 863 1330 ed
888 1256 1027 1330 iudiceni
1050 1288 1119 1332 esse

98 1355 297 1421 veniendum.
337 1356 510 1439 quicquam
529 1377 605 1441 ergo
624 1354 790 1440 pulchrius
808 1355 870 1421 hac
888 1354 1118 1420 consuetudine

98 1447 193 1510 excut
178 1443 323 1509 tiendit
308 1447 414 1508 totum
444 1443 551 1509 diem?
595 1444 699 1528 qualis
729 1443 784 1509 ille
815 1465 946 1509 somnus
973 1447 1049 1528 post
1070 1465 1118 1508 re

99 1533 317 1619 cognitionem
336 1533 386 1598 sui
405 1533 562 1616 sequitur,
581 1554 678 1617 quam
696 1532 903 1616 tranquillus,
922 1554 1018 1616 quam
1031 1532 1117 1598 altus

98 1643 137 1687 ac
162 1622 256 1705 liber,
285 1643 357 1687 cum
386 1625 442 1687 aut
463 1622 611 1689 laudatus
635 1625 684 1687 est
706 1622 832 1687 animus
855 1626 912 1687 aut
934 1620 1118 1686 admonitus
1138 1640 1162 1682 ιι

99 1716 132 1776 et
154 1711 336 1795 speculator
359 1711 409 1776 sui
432 1730 607 1795 censorque
631 1714 770 1776 secretus
794 1711 948 1796 cognovit
965 1711 1004 1776 ds
1022 1711 1119 1776 mori·

63 1818 80 1867 3
98 1802 158 1867 bus
187 1801 266 1867 suis!
312 1803 386 1865 utor
410 1800 471 1866 hac
494 1803 653 1885 potestate
675 1804 708 1864 et
730 1800 848 1865 cotidie
870 1802 950 1884 aput
972 1821 1024 1864 me
1046 1821 1119 1866 cau-

99 1913 167 1957 sam
199 1890 281 1956 dico.
327 1911 401 1955 cum
431 1891 592 1956 sublatum
623 1912 641 1954 e
671 1891 845 1973 conspectu
873 1889 984 1954 lumen
1011 1892 1071 1955 est¹
1087 1892 1121 1954 et

99 1980 256 2046 conticuit
287 2001 370 2045 uxor
400 1979 499 2045 moris
532 1979 596 2044 iam
627 1979 697 2043 mei
723 1978 865 2061 conscia,
896 1981 1002 2043 totum
1034 1978 1120 2043 diem

99 2091 206 2134 meum
238 2072 365 2134 scrutor
395 2068 544 2154 factaque
573 2089 611 2135 ac
638 2068 724 2133 dicta
750 2088 822 2132 mea
843 2067 1008 2152 remetior,
1036 2064 1120 2132 nihil
1137 2086 1162 2127 ιι

99 2157 180 2222 mihi
209 2159 279 2242 ipse
306 2158 481 2242 abscondo,
508 2157 592 2221 nihil
618 2160 753 2222 transeo.
801 2177 898 2239 quare
921 2156 1008 2220 enim
1031 2156 1119 2240 quic-

100 2268 196 2329 quam
226 2269 266 2312 ex
296 2245 456 2311 erroribus
484 2246 563 2311 meis
586 2246 730 2329 timeam,
757 2266 832 2311 omn
855 2245 978 2332 possim
1001 2244 1120 2312 dicere:

64 2334 188 2400 4‘vido
214 2357 255 2400 ne
282 2335 370 2400 istud
399 2334 537 2417 amplius
564 2335 677 2416 facias,
704 2355 791 2399 nunc
813 2334 874 2399 tibi
896 2335 1039 2420 ignosco.
1085 2335 1121 2399 in

99 2423 156 2488 ille
179 2423 396 2507 disputatione
414 2423 593 2508 pugnacius
611 2424 738 2489 locutus
758 2445 805 2489 est
827 2423 896 2488 noli
914 2427 1028 2510 postea
1045 2444 1119 2489 con·

100 2512 191 2597 gredi
222 2533 296 2576 cum
328 2511 499 2596 imperitis3
535 2512 652 2577 nolunt
683 2513 818 2595 discere,
854 2512 910 2597 qui
941 2533 1120 2597 numquam
1137 2530 1162 2571 ιι

100 2600 289 2665 didicerunt.
338 2600 431 2664 iilum
459 2599 591 2667 liberius
621 2601 817 2667 admonuisti
846 2623 943 2686 qnam
974 2601 1120 2685 debebas,

99 2690 208 2772 itaque
237 2710 304 2754 non
333 2688 525 2774 emendasti,
556 2689 612 2756 sed
640 2690 814 2756 offendisti:
846 2690 884 2755 de
908 2693 1013 2756 cetero
1036 2690 1120 2773 ride,

99 2800 166 2843 non
194 2782 320 2842 tantum
350 2801 392 2844 an
418 2801 530 2844 verum
554 2780 598 2845 sit
620 2779 707 2862 quod
730 2779 822 2862 dicis,
846 2779 901 2846 ssd
924 2801 966 2844 en
988 2778 1045 2845 ille
1067 2780 1120 2845 cui

100 2868 218 2933 dicitnr
239 2868 307 2932 veri
329 2868 454 2952 patiens
479 2869 534 2953 sit3
557 2868 722 2934 admoneri
744 2869 847 2934 bonus
871 2869 1002 2955 gaudet,
1020 2868 1120 2953 pessi-

100 2979 171 3023 mus
194 2957 331 3042 quisque
352 2961 509 3024 rectorem
532 2959 705 3043 asperrime
727 2957 858 3042 patitur.
1138 2976 1164 3018 so

188 3203 207 3258 ι
225 3203 300 3259 desit
312 3204 342 3259 A
359 3204 445 3259 desiit
461 3205 530 3274 colp.
550 3204 696 3259 desith
713 3204 723 3278 ιι
740 3204 774 3259 11
794 3204 849 3260 sibi
866 3207 935 3261 cot.
953 3204 1009 3260 sibi
1022 3204 1046 3259 ιι
1059 3205 1121 3260 AL

101 3274 215 3330 sibimet
229 3275 312 3332 Gom
330 3275 334 3348 ι
352 3275 388 3330 lc
401 3221 532 3346 cognorit
548 3275 630 3332 Gertz
648 3277 793 3346 cognoscit
806 3277 866 3333 AL
951 3292 1045 3332 meum
1059 3277 1121 3332 AL

99 3346 873 3474 mecumcolp.122meistmecmA¹corr.Aip
909 3347 1121 3420 csLsstAll

100 3416 135 3472 27
153 3418 230 3487 vide,
249 3435 306 3474 non
323 3420 436 3474 tantum
453 3419 522 3488 votp.
541 3418 616 3473 uide.
644 3434 680 3474 ns
698 3435 755 3474 non
772 3420 824 3474 ten
837 3435 885 3474 um
898 3420 959 3476 AL
976 3418 986 3492 ιι
1004 3418 1044 3474 80
1060 3434 1121 3474 rec·

101 3490 189 3543 torem
208 3460 237 3544 A
261 3496 344 3559 recte,
365 3508 433 3546 com
455 3506 546 3560 repere
569 3491 708 3548 Interdum
725 3491 798 3548 idem
816 3497 856 3548 ost
873 3497 954 3562 usqae
971 3492 1122 3563 corticem

86 3559 153 3612 mdc
167 3560 242 3616 leon
265 3564 458 3622 correctorem
477 3575 495 3620 s
