2400 3840
94 184 138 250 44
296 182 327 237 n.
342 179 485 234 inueni
503 178 668 235 sennenn
686 180 782 236 omn.
796 179 864 236 nm.
878 180 913 238 n

59 349 73 395 1
182 325 268 392 XIX.
290 325 369 391 Non
391 329 440 390 est
461 326 496 389 in
518 326 621 391 rixam
640 327 975 411 conluctationemque
988 327 1124 397 ranien-

93 416 182 480 dum„
224 416 340 500 procul
362 415 525 480 auferendi
548 415 644 499 pedes
667 419 797 481 suntet
822 415 976 501 quicquid
999 417 1123 487 horum

93 505 133 571 ub
156 503 400 589 inprudentibus
423 504 479 569 liet
501 503 587 590 (fieri
605 508 711 569 autem
729 505 793 571 nisi
811 507 851 570 ab
870 506 1123 589 inprudentibus

92 616 159 660 non
181 597 288 678 potest
329 593 564 679 neglegendum
587 594 779 660 ethonore·
803 595 1003 679 iniuriaeque
1026 598 1123 685 vulgi

93 684 128 748 in
158 683 342 767 promiscuo
374 682 545 748 habendae.
591 705 651 748 nec
683 683 734 749 his
761 682 935 748 dolendum
961 706 1025 751 nee
1051 687 1121 754 illie
1147 704 1157 745 a

57 772 309 860 agaudendum:
339 772 462 857 alioqui
492 773 595 837 multa
623 773 740 837 timore
767 773 1039 839 contumeliarum
1062 780 1122 841 aut

91 862 198 934 toedio
232 862 411 928 necessaria
447 862 633 926 omittemus
668 861 871 946 publicisque
906 866 940 928 et
980 864 1120 947 privatis

93 950 223 1035 officiis,
251 951 424 1036 aliquando
454 951 551 1015 etiam
580 951 772 1016 salutaribus
804 972 872 1016 non
901 972 1121 1040 occurremus,

92 1039 168 1104 dum
195 1041 362 1106 muliebris
388 1061 448 1105 nos
476 1060 554 1104 cura
576 1041 666 1124 augit
689 1040 812 1124 aliquid
835 1044 948 1105 eontra
970 1042 1120 1109 animum

91 1131 247 1195 audiendi.
280 1128 453 1213 aliquando
472 1128 569 1192 etiam
587 1129 704 1193 obirati
722 1130 906 1213 potentibus
929 1129 1119 1217 detegemus
1136 1154 1157 1193 ιο

62 1219 177 1300 ,thuna
206 1220 357 1284 affectum
387 1218 614 1301 intemperanti
639 1218 795 1283 libertate.
840 1240 908 1283 non
935 1222 984 1285 est
1007 1224 1120 1289 autem

89 1308 221 1373 libertas
243 1307 327 1371 nihil
344 1306 426 1390 pati,
448 1305 605 1390 fallimur3
627 1307 758 1373 libertas
777 1311 826 1373 est
844 1308 987 1372 animum
1007 1331 1119 1395 super-

90 1418 209 1480 ponere
232 1395 358 1460 iniuriis
381 1398 414 1459 et
435 1417 509 1459 eum
526 1395 631 1461 facere
654 1418 701 1480 ee,
723 1419 763 1461 ex
782 1417 846 1480 quo
866 1398 936 1462 solo
955 1397 1020 1462 sibi
1041 1421 1120 1485 gau·

91 1484 194 1549 denda
225 1484 369 1567 veniant,
400 1485 557 1549 exteriora
589 1484 736 1551 diducere
768 1508 787 1550 a
815 1508 862 1569 se,
898 1507 939 1550 ne
970 1488 1120 1572 inquieta

91 1572 215 1659 agenda
238 1573 280 1638 sit
293 1572 361 1637 vita
383 1573 529 1638 omnium
546 1575 644 1656 risus,
667 1575 811 1640 omnium
829 1575 958 1661 linguas
976 1576 1118 1644 timenti.
1136 1597 1155 1638 n

91 1662 163 1747 quie
194 1661 280 1727 enim
303 1665 364 1742 eet,
395 1663 451 1746 qui
473 1664 666 1747 non-possit
688 1665 918 1730 contumeliam
944 1664 1067 1751 facere,
1090 1669 1119 1734 si

55 1770 71 1818 3
91 1751 261 1836 quisquam
275 1751 404 1835 potest?
435 1752 561 1818 diverso
576 1755 682 1817 autem
701 1752 842 1819 remedio
861 1756 970 1818 utetur
986 1757 1118 1840 sapiens

91 1840 318 1925 affectatorque
341 1841 523 1926 sapientiae.
568 1842 753 1925 inperfectis
781 1843 867 1907 enim
890 1846 922 1907 et
945 1842 1053 1911 adhuc
1076 1847 1118 1912 ud

89 1932 255 2014 publicum
285 1953 318 1996 se
348 1931 503 1997 iudicium
531 1931 749 2017 derigentibus
776 1932 839 1998 hoc
865 1934 1117 2016 proponendum

89 2023 137 2085 est
159 2021 243 2086 inter
270 2021 403 2086 iniurias
426 2021 514 2105 ipsos
545 2021 819 2105 contumeliasque
842 2021 956 2087 debere
978 2026 1117 2090 versari:
1133 2043 1155 2083 ro

90 2110 198 2173 omnia
228 2110 350 2175 leviora
386 2110 531 2175 accident
567 2110 817 2193 expectantibus.
873 2132 937 2194 quo
955 2123 957 2127 '
976 2112 1117 2200 quisque

88 2197 254 2263 honestior
277 2221 406 2284 genere,
427 2199 527 2282 fame,
550 2199 745 2281 patrimonio
768 2202 831 2283 est,
851 2200 915 2265 hoo
938 2222 972 2265 se
995 2200 1116 2270 fortius

89 2289 194 2372 gerat,
216 2308 339 2351 memor
361 2289 396 2352 in
413 2288 519 2370 prima
537 2288 604 2352 acie
622 2287 705 2353 altos
724 2288 851 2355 ordines
871 2292 962 2355 stare.
1000 2295 1116 2357 contu·

88 2374 200 2440 melias
230 2378 262 2440 et
285 2377 382 2440 verba
410 2376 566 2459 probrosa
596 2379 628 2441 et
655 2377 848 2462 ignominias
876 2381 910 2442 et
931 2381 1040 2444 cetera
1063 2382 1116 2447 de

87 2464 332 2529 honestamenta
354 2465 443 2529 velut
466 2465 639 2530 clamorem
661 2466 804 2531 hostium
828 2467 910 2532 ferat
933 2471 966 2532 et
984 2468 1115 2556 longin·
1131 2486 1154 2528 rs

88 2575 153 2637 qua
175 2554 240 2617 tela
262 2557 295 2618 et
318 2575 395 2619 saxa
417 2553 486 2620 sine
507 2555 639 2619 vulnere
668 2555 753 2621 cirea
775 2557 883 2642 galeas
906 2557 1116 2644 crepitantia3

88 2643 221 2708 iniurias
243 2665 320 2708 vero
342 2647 380 2707 ut
393 2643 539 2728 vulnera,
561 2644 625 2708 alia
640 2645 751 2727 mmis,
774 2646 838 2710 alia
856 2646 980 2730 pectori
1003 2647 1116 2734 infixe,

86 2753 154 2796 non
177 2731 332 2816 deiectus,
353 2755 394 2797 ne
417 2736 524 2798 motus
549 2733 678 2817 quidem
697 2734 798 2819 gradu
818 2735 981 2800 sustineat.
1014 2737 1115 2803 etiam

88 2821 116 2886 si
144 2821 298 2904 premeris
328 2825 361 2885 et
389 2821 506 2887 infesta
528 2822 562 2886 vi
590 2844 719 2908 urgere,
748 2824 858 2889 cedere
885 2827 994 2888 tamen
1016 2828 1115 2912 turpe

87 2912 149 2976 est:
179 2908 384 2995 adsignatum
411 2914 567 2975 enatura
595 2912 704 2977 locum
733 2916 831 2977 tuere.
877 2914 1005 2997 quaeris
1038 2917 1115 2999 quis
1132 2933 1154 2973 a

52 2999 141 3064 uhic
163 2998 206 3064 eit
227 2997 341 3065 locus?
385 2999 455 3064 viri.
501 3000 638 3084 sapienti
665 3001 753 3066 aliud
783 3002 940 3066 auxilium
962 3005 1013 3068 est
1034 3003 1115 3071 huic

93 3260 96 3267 ⁴
176 3264 194 3320 b
221 3264 421 3334 impromiscuo
444 3266 473 3321 A
545 3264 582 3321 14
608 3266 741 3321 diducere
769 3267 853 3322 Gertz
882 3266 1022 3322 deducere
1045 3271 1075 3326 A
1104 3272 1115 3346 tl

87 3334 122 3390 19
140 3336 234 3407 derig-
253 3336 337 3392 Gertz
354 3336 442 3407 dirig-
455 3339 483 3393 A
532 3337 568 3393 22
587 3338 712 3392 onestior
725 3339 752 3393 A
770 3336 780 3411 11
803 3338 838 3393 29
856 3354 957 3409 urgere
971 3339 999 3394 A
1016 3342 1114 3408 forma

86 3423 106 3461 a
127 3405 243 3463 &accae
267 3424 322 3464 usu
346 3407 440 3463 aliena
462 3415 499 3476 ct,
522 3412 595 3480 quod
616 3411 715 3476 ecum,
737 3426 794 3464 meo
816 3416 925 3466 tactam
948 3411 1113 3469 1010101111

86 3485 206 3546 recepta,
228 3479 276 3534 sed
294 3495 328 3534 ec
345 3481 416 3534 coni.
447 3481 573 3537 Pontem·
594 3482 682 3553 (epist.
697 3497 727 3550 p.
744 3485 805 3549 131,
813 3484 851 3537 26
869 3482 974 3552 Heoee)
997 3485 1112 3555 urgeris

86 3548 232 3618 colurum
250 3549 350 3624 111110
368 3552 506 3621 querisA
