2400 3840
90 192 135 257 40
292 188 324 243 n.
338 186 482 241 unuin
500 184 664 241 amnem
682 185 778 241 nnn.
792 185 860 240 nm.
874 184 911 240 n.

89 335 216 400 voceml
260 334 310 398 vis
332 336 371 397 tn
392 331 509 398 fortius
531 332 623 416 loqui
645 335 678 395 et
699 332 789 396 illam
812 354 853 396 ex
874 333 946 395 toto
971 352 1120 396 summo·

55 424 177 488 sverel
222 422 337 487 domus
364 421 444 486 haec
470 422 624 505 sapientis
646 424 797 506 angusta,
825 421 895 485 sine
916 419 1024 503 cultu,
1046 421 1120 486 sine

91 512 241 595 strepitu,
273 512 341 576 sine
372 514 542 594 apparatu,
572 510 671 574 nullis
703 510 890 574 adservatur
920 509 1119 576 antennas

90 601 218 665 turbam
231 601 338 664 venali
359 599 490 665 fastidio
513 599 747 684 digerentibus,
768 598 824 663 sed
846 621 905 683 per
926 598 991 663 hoc
1013 598 1119 664 limen

90 711 227 755 vacuum
258 693 291 754 et
322 688 361 754 ab
394 689 522 755 ostiaris
553 689 691 753 liberum
722 688 853 752 fortuna
885 709 953 751 non
982 689 1153 754 trmrsitzs

91 779 152 844 scit
173 800 241 843 non
263 801 331 844 esse
353 779 422 844 illic
445 779 507 844 sibi
528 779 654 860 locum,
675 777 731 842 ubi
755 778 806 842 sui
827 775 912 840 nihil
933 779 989 841 est.

56 887 70 934 1
179 866 264 932 xvi
289 866 411 944 Quodsi
434 866 595 951 Epicurus
626 886 768 949 quoque,
800 866 857 949 qui
883 865 1015 949 corpori
1044 866 1118 950 plu·

90 958 207 1022 rimum
231 957 379 1040 indulsit,
397 956 549 1021 adversus
572 956 706 1020 iniurias
729 955 871 1040 exurgit,
894 955 951 1039 qui
973 953 1009 1018 id
1028 955 1118 1039 apud

89 1068 148 1112 nos
166 1047 353 1112 incredibile
367 1045 469 1109 videri
486 1047 594 1128 potest
607 1048 664 1108 aut
682 1067 780 1128 supra
797 1043 957 1108 humanae
978 1047 1118 1109 naturae

89 1135 293 1202 mensuram?
338 1135 394 1198 ille
426 1134 472 1197 ait
502 1133 636 1198 iniurias
662 1133 846 1198 tolerabiles
873 1134 1152 1217 essesapieuti,1⁰

88 1247 147 1290 nos
175 1225 309 1288 iniurias
336 1244 404 1287 non
430 1244 506 1287 csse.
551 1244 611 1288 nec
633 1223 720 1286 enim
743 1225 805 1305 est,
827 1221 915 1306 quod
938 1221 1029 1287 dicas
1052 1221 1118 1288 hoc

54 1317 221 1378 rnaturae
253 1333 446 1397 repugnare:
481 1333 548 1375 non
578 1333 733 1396 negamus
769 1333 836 1375 rem
872 1311 1118 1376 incommodam

89 1423 158 1466 esse
176 1400 338 1465 verberari
360 1403 393 1464 et
415 1400 540 1483 impelli
562 1403 594 1465 et
617 1401 726 1484 aliquo
749 1401 894 1465 membro
918 1421 1042 1485 carere,
1061 1400 1118 1467 ssd

91 1489 200 1554 omnia
230 1489 293 1553 ista
324 1510 479 1574 negamus
512 1489 644 1554 iniurias
676 1512 759 1573 esse;
790 1511 857 1554 non
889 1511 1021 1554 sensum
1050 1490 1118 1556 illis

90 1578 212 1643 doloris
226 1577 433 1660 detrahimus,
451 1578 506 1643 sed
524 1599 642 1642 nomen
660 1578 806 1662 iniuriae,
824 1578 911 1662 quod
923 1599 992 1642 non
1005 1582 1152 1662 potest1⁵

89 1667 190 1751 recipi
212 1667 331 1731 virtute
363 1667 460 1732 selva
506 1670 578 1731 uter
600 1667 705 1732 verius
738 1667 824 1732 dicat
846 1666 1045 1733 videbimus:
1077 1669 1120 1733 ad

89 1759 311 1839 contemptum
330 1755 460 1839 quidem
479 1756 613 1820 iniuriae
631 1759 766 1841 uterque
784 1756 953 1822 consentit.
986 1759 1119 1840 quaeris

90 1845 168 1928 quid
195 1846 279 1910 inter
305 1846 386 1911 duos
414 1844 562 1911 intersit?
607 1845 694 1929 quod
721 1847 805 1910 inter
831 1845 1030 1931 gladiatores
1054 1847 1120 1913 for-

89 1935 246 2018 tissimos,
269 1956 407 2018 quorum
430 1935 512 1999 alter
534 1935 652 2018 premit
664 1935 783 2000 vulnus
806 1938 839 1999 et
861 1937 925 2000 stat
947 1934 983 1998 in
1001 1937 1121 2021 gradu,

90 2024 169 2089 alter
191 2025 365 2108 respiciens
388 2024 429 2089 ad
452 2024 644 2090 clamantem
667 2024 826 2107 populum
849 2022 1014 2108 siguificat
1033 2025 1154 2091 nihils

55 2128 70 2176 3
91 2133 158 2177 esse
176 2117 209 2177 et
226 2113 380 2178 intercedi
398 2135 465 2177 uon
482 2113 613 2197 patitur,
645 2134 713 2176 non
731 2116 793 2195 est,
807 2112 894 2196 quod
912 2115 1008 2196 putes
1027 2137 1120 2202 mag·

89 2222 182 2282 num,
205 2222 269 2284 quo
293 2202 498 2267 dissidemus:
521 2201 603 2265 illud
622 2223 687 2285 quo
707 2201 745 2265 de
764 2203 884 2287 agitur,
904 2201 991 2283 quod
1010 2225 1121 2269 unum

91 2288 131 2352 ad
160 2309 218 2354 vos
248 2291 401 2374 pertinet,
427 2293 563 2372 utraque
591 2291 737 2374 exempla
763 2290 947 2373 hortentur,
970 2297 1120 2359 coutem-

89 2399 165 2442 ncre
184 2377 317 2443 iniurias
336 2381 382 2460 et,
402 2399 482 2461 quas
501 2379 690 2444 iniuriarum
708 2379 837 2445 umbras
856 2402 893 2445 ac
912 2380 1119 2464 suspiciones

90 2466 235 2550 dixerim,
253 2467 472 2551 contumelias,
490 2467 531 2532 ad
550 2491 629 2552 quas
648 2469 867 2551 despiciendas
883 2490 950 2533 non
969 2471 1119 2552 sapiente
1134 2486 1155 2528 ἥ

91 2577 172 2639 opus
182 2555 317 2639 estvim,
325 2556 381 2621 sed
389 2560 515 2621 tantum
526 2559 734 2641 consipientc,
743 2559 799 2642 qui
809 2559 871 2624 sibi
879 2557 984 2641 possit
994 2558 1120 2626 dicere:

91 2643 210 2708 ‘utrum
233 2645 349 2710 merito
372 2645 453 2710 mihi
475 2647 537 2712 ista
559 2647 709 2713 accidunt
732 2670 774 2711 an
796 2646 969 2711 inmerito?
1001 2648 1033 2712 si
1053 2673 1120 2716 me-

89 2733 168 2816 rito,
197 2755 264 2798 non
296 2737 345 2799 est
375 2736 584 2818 contumelia,
615 2736 770 2801 iudicium
803 2740 864 2819 est,
896 2736 925 2802 si
951 2735 1119 2824 inmerito,

53 2822 139 2886 sini·
167 2823 223 2906 qui
249 2823 369 2889 iniusta
399 2825 477 2890 facit
507 2826 756 2891 erubescendum
784 2824 852 2891 est?
897 2828 929 2890 et
957 2813 1041 2908 quid
1069 2832 1120 2896 est

180 2960 216 3017 lo
231 2963 350 3032 Epiem
366 2965 466 3034 srapm.
481 2967 535 3019 585
555 2965 599 3019 Us.

179 3050 378 3106 dedsernatur
392 3053 442 3119 Αἱ,
457 3053 476 3106 d
490 3069 559 3107 corr.
573 3055 605 3107 ia
619 3069 632 3106 s
646 3052 742 3126 ΛΜΗ
754 3052 772 3107 5
785 3069 889 3107 uacum
903 3055 932 3106 et
946 3051 983 3106 ab
998 3055 1118 3127 ostiarjs

90 3121 132 3177 A¹
143 3139 213 3178 corr.
229 3121 271 3177 A⁸
282 3125 362 3191 fort:
380 3139 502 3177 uacuum
522 3121 559 3176 ab
577 3123 721 3193 hostiarjis
743 3124 754 3196 Η
776 3124 793 3179 8
812 3124 862 3193 qui
880 3123 911 3177 id
926 3125 1025 3180 Haase
1045 3128 1118 3196 quid

90 3194 117 3248 A
135 3193 146 3267 ll
162 3193 181 3248 ll
199 3194 322 3248 humane
336 3196 364 3250 A
378 3194 392 3296 ll
410 3194 446 3249 16
459 3193 586 3319 uirtutss
597 3195 624 3249 A
641 3213 665 3249 ts
678 3198 758 3265 erac.)
776 3196 787 3268 ll
805 3196 839 3250 17
855 3197 1030 3250 contemtum
1044 3215 1118 3255 eon.

90 3266 122 3319 in
139 3267 332 3333 contemptum
347 3267 375 3320 A
408 3265 411 3336 Ι
432 3265 527 3333 queris
586 3264 596 3337 ll
615 3265 649 3320 la
667 3269 697 3321 et
715 3269 773 3321 stat
791 3284 860 3322 corr.
875 3283 910 3321 ex
923 3269 1000 3321 estat
1013 3270 1097 3324 ΑΜ
1108 3271 1120 3344 ΙΙ

90 3334 126 3390 22
144 3353 200 3405 quo
219 3335 389 3391 dissidemus
407 3337 475 3405 culp.
496 3337 571 3404 quod
590 3336 660 3391 diss·
675 3340 703 3394 A
725 3338 736 3411 ll
757 3338 794 3393 26
812 3338 989 3406 oonsipientc
1003 3341 1117 3398 Buten.

92 3407 282 3474 conspiciente
302 3410 331 3463 A
358 3407 362 3478 Ι
392 3407 442 3474 qni
467 3406 523 3461 sibi
547 3409 637 3477 possit
660 3411 730 3480 oolp.
755 3409 920 3479 quisipossit
940 3411 968 3464 A
991 3426 1067 3467 corr.
1087 3417 1120 3469 iss

84 3476 277 3602 puidsp'ppssit
294 3479 477 3605 mApccentior
494 3478 504 3552 ll
522 3477 556 3535 27
576 3479 714 3536 immerito
728 3481 851 3554 A⁶1129
869 3480 943 3535 facie
961 3480 1119 3541 rubescen-

105 3563 153 3599 unr
228 3564 298 3605 corr.
