2400 3840
90 191 134 258 20
272 156 332 244 a.
347 187 491 243 innan
508 185 672 242 annncnn
690 186 785 242 nnn.
799 187 905 244 inni

90 334 276 418 collumque
298 332 475 399 aommittit
496 331 616 399 incisus
639 336 703 417 est,
723 336 815 399 tanta
837 333 894 398 illa
915 333 1018 399 molas
1042 355 1117 400 eor-

54 423 164 487 aruit
208 444 277 488 non
304 422 340 487 in
368 424 435 488 alto
457 423 538 488 latet
560 421 693 507 spiritns
714 444 775 488 nee
796 422 910 507 utique
931 422 1017 488 ferra
1041 445 1116 490 eru·

89 512 192 577 endus
214 516 276 597 est3
297 533 367 577 non
387 515 464 578 sunt
476 513 608 577 vnlnere
625 512 755 596 penitus
773 511 918 596 inpresso
937 513 1117 579 serutanda

88 601 289 685 praeeordint
311 601 348 666 in
368 601 517 686 proximo
540 621 627 665 mors
651 605 709 666 est
752 622 821 666 non
843 605 968 667 eertum
989 601 1031 667 ad
1049 601 1116 668 hos

88 691 173 756 ictus
209 690 368 756 destinavi
402 693 526 756 locum:
558 710 760 774 quacumque
791 690 840 755 vis
872 690 1021 774 pervium
1053 695 1116 757 est
1147 713 1159 754 ε

88 779 197 864 ipsum
223 780 304 845 illud
337 781 424 864 quod
445 782 582 845 vocatur
610 779 708 864 mori,
739 800 804 863 quo
835 780 943 844 anima
974 779 1117 846 dissedit

89 891 109 932 a
131 889 279 952 nemore,
300 869 430 934 brevius
453 873 504 933 est
531 889 628 951 quam
650 871 689 933 nt
711 867 823 934 sentiri
844 871 936 933 tanta
954 870 1116 936 selonites

88 957 205 1041 possit:
227 957 295 1023 siva
316 959 426 1024 faueas
449 957 554 1022 nodus
572 956 672 1041 elisit,
689 957 757 1022 sive
775 957 1007 1041 spiramentum
1025 981 1117 1044 aqua

88 1048 277 1131 praeclusit,
299 1047 367 1112 sive
389 1047 425 1112 in
447 1049 545 1130 eaput
566 1047 676 1130 lapsos
698 1046 892 1112 subiaeentis
911 1048 973 1112 soli
990 1048 1117 1114 duritia

89 1136 294 1220 comminuit,
325 1136 393 1200 sive
422 1135 558 1200 haustus
587 1136 673 1222 ignis
702 1157 833 1201 enisum
861 1136 987 1201 animae
1008 1160 1157 1204 rems-10

88 1227 172 1290 antis
195 1224 390 1290 interscidit:
416 1223 569 1309 quiequid
590 1228 653 1308 est,
675 1229 836 1310 properat.
867 1225 982 1309 sequid
999 1227 1117 1294 erube·

87 1313 199 1379 saitis?
244 1314 332 1397 quod
354 1317 422 1378 tam
445 1314 510 1378 aito
533 1315 585 1397 fit,
606 1315 728 1379 timetis
751 1314 842 1378 diut“

177 1468 196 1523 ὅ
214 1469 355 1524 destinavi
378 1471 448 1541 vaip.
470 1470 602 1525 estimaui
616 1474 645 1526 A
672 1471 675 1544 t
703 1488 880 1542 quacumque
902 1471 958 1539 vis,
980 1474 1117 1542 pervium

88 1541 1119 1612 estwalfflia,etsieAnisiqeodstauispawtisnotaea,deinde

87 1629 169 1667 erasa
186 1617 227 1666 est
243 1617 271 1666 et
287 1613 331 1666 est
348 1629 417 1668 corr.
433 1629 468 1668 ea
485 1614 515 1667 et
536 1612 547 1696 fl
570 1613 589 1667 9
606 1613 701 1683 lapsos
720 1614 762 1669 Α1
779 1614 868 1684 lapsis
886 1616 948 1684 <aaa
964 1621 1023 1672 -ω
1041 1633 1118 1673 corr.

87 1684 131 1738 A⁶
151 1682 163 1755 ΙΙ
187 1682 221 1736 ll
240 1683 342 1750 ecquid
364 1684 434 1754 0019.
456 1683 480 1738 a
497 1684 568 1753 quad
584 1685 622 1740 A.
658 1685 829 1755 Sabamptio
846 1688 933 1741 minio
946 1687 1029 1756 pieta
1047 1690 1120 1746 haee

88 1760 141 1809 eat:
169 1753 200 1808 L.
214 1754 247 1808 Α
263 1753 368 1827 Senecp
386 1755 424 1809 ad
441 1754 548 1810 lucilii„
581 1755 675 1822 Quare
693 1756 790 1825 aliqua
833 1757 1016 1812 incommoda
1029 1757 1120 1817 bonis

87 1825 157 1879 uiris
171 1824 316 1885 aeeidant.
331 1843 397 1881 eum
409 1827 592 1896 prouidentia
605 1827 651 1882 sit.
666 1827 790 1898 explicit.
838 1828 909 1898 eipit
923 1829 926 1901 i
938 1829 985 1882 Ad
995 1829 1120 1889 Sarem'n

87 1895 147 1952 Nee
164 1896 299 1952 iniuriam
316 1914 368 1954 nea
387 1899 521 1954 etumelia
539 1899 668 1968 accipere
685 1900 851 1969 sapientem.
873 1899 877 1973 t
