2400 3840
188 204 239 258 AD
258 202 473 259 GALLIONEM
490 204 540 258 DE
558 203 647 259 VITA
665 204 788 260 BEATA
807 205 884 262 cAP.
900 211 942 262 14.
958 211 991 261 15
1033 210 1098 276 211

82 350 137 415 sed
160 350 248 434 ipsos
271 351 422 434 voluptas
445 351 555 434 habet,
584 351 676 416 ouius
700 355 756 416 aut
778 351 889 435 inopia
910 355 1102 436 torquentur

81 442 137 503 aut
160 439 254 524 oopia
276 439 531 524 strangulantur,
559 440 682 523 miseri,
712 441 739 506 si
763 440 951 506 deseruntur
974 442 1012 506 ab
1036 442 1102 526 illa,

81 528 275 612 miseriores,
308 528 336 594 si
366 529 559 612 obruuntur3
589 529 673 594 sieut
700 529 847 613 deprensi
869 531 950 595 mari
974 528 1101 616 Syrtico

81 617 177 682 modo
201 618 236 681 in
259 617 344 683 siooo
368 617 607 701 relinquuntur,
631 618 728 683 modo
751 622 894 684 torrente
916 619 1003 685 unda
1025 621 1102 686 flnc-

49 710 221 771 stuantur.
277 706 383 770 evenit
419 709 525 771 autem
562 707 626 772 hoe
661 707 763 772 nimia
793 708 1040 792 intemperantia
1070 713 1136 775 eta

80 817 189 860 amore
219 816 313 861 oaeoo
337 795 398 879 rei,
428 816 504 860 nam
526 796 613 860 moia
634 818 694 880 pro
716 795 811 863 bonis
834 797 957 881 petenti
978 798 1102 882 periou·

79 885 187 949 losum
215 888 264 950 est
293 883 433 968 adsequi.
479 887 517 949 ut
542 884 626 950 feras
656 907 730 951 eum
759 884 870 951 labore
894 886 1102 970 periculoque

80 994 235 1037 venamur
271 976 303 1038 et
339 977 505 1058 naptarum
543 994 671 1058 quoque
703 975 832 1040 illarum
865 975 1005 1041 sollicita
1030 997 1103 1058 pos-

81 1063 180 1127 sessio
220 1066 269 1128 est
298 1098 342 1108 -
375 1084 469 1147 saepe
503 1063 589 1127 enim
622 1063 746 1129 laniant
780 1063 928 1129 dominos
963 1100 1021 1147 -,
1057 1065 1104 1129 ita

35 1173 61 1214 ιο
79 1149 199 1216 habent
241 1173 274 1217 se
310 1173 447 1238 magnae
482 1153 679 1236 voluptates:
720 1154 755 1217 in
790 1175 944 1239 magnum
980 1153 1102 1218 malum

80 1262 206 1306 evasere
230 1243 405 1325 captaeque
427 1262 553 1326 eapere3
577 1262 658 1323 quae
682 1264 746 1326 quo
770 1243 878 1327 plures
901 1242 1102 1326 maioresque

80 1333 169 1414 sunt,
188 1352 225 1395 eo
245 1331 300 1396 ifle
319 1332 426 1396 minor
444 1352 482 1396 ao
499 1330 641 1413 plurium
657 1353 766 1397 servus
785 1335 847 1415 est,
866 1353 961 1416 quem
974 1331 1101 1397 felicem

79 1419 194 1505 volgus
230 1420 379 1503 appellat,
433 1441 619 1502 permanere
653 1420 733 1486 libet
762 1422 797 1485 in
828 1421 890 1486 hae
919 1421 1137 1486 etiamnunoo

79 1507 175 1573 huius
202 1509 250 1572 rei
279 1509 429 1593 imagine.
476 1508 747 1592 quemadmodum
771 1511 827 1595 qui
848 1509 1025 1576 bestiarum
1049 1531 1102 1575 eu·

35 1595 158 1660 rubilia
180 1596 311 1681 indagat
336 1601 368 1661 et

423 1699 525 1767 laqueo
545 1702 661 1769 captare
680 1700 755 1755 feras

80 1827 198 1893 magno
223 1807 371 1872 aestimat
393 1811 425 1872 et

328 1929 402 1984 latos
421 1929 539 1984 canibus
559 1930 735 1986 circumdare
754 1929 855 1998 saltus,

79 2042 117 2103 ut
146 2038 275 2103 illarum
302 2039 439 2125 vestigia
466 2043 603 2124 premat,
633 2039 762 2124 potiora
789 2038 906 2105 deserit
928 2037 1101 2122 multisque

35 2150 61 2191 ro
81 2127 198 2194 offioiis
227 2128 405 2193 renuntiat:
437 2128 484 2194 ita
514 2129 570 2212 qui
600 2132 740 2195 sectatur
770 2129 970 2213 voluptatem
994 2128 1103 2193 omnia

79 2218 248 2302 postponit
271 2221 303 2283 et
325 2218 464 2303 primam
486 2218 668 2283 libertatem
690 2218 830 2304 neelegit
853 2239 891 2282 aa
912 2238 972 2301 pro
990 2219 1101 2282 ventre

80 2306 243 2391 dependit,
266 2329 326 2373 nee
349 2309 531 2393 voluptates
556 2306 619 2374 sibi
639 2307 731 2391 emit,
754 2307 809 2374 sed
828 2329 862 2374 se
879 2306 1101 2391 voluptatibus

78 2395 197 2462 vendit.

168 2499 239 2567 XV.
278 2501 378 2579 ‘Quid
399 2502 524 2568 tamen'
546 2502 653 2587 inquit
676 2501 842 2587 ‘prohibet
867 2502 902 2567 in
919 2523 1021 2566 unum
1039 2502 1101 2567 vir·
1121 2519 1135 2568 1

35 2613 60 2655 rs
78 2594 183 2655 tutem
212 2591 476 2676 voluptatemque
507 2591 664 2658 confundi
693 2595 726 2657 et
754 2592 800 2656 ita
827 2590 913 2658 effioi
939 2613 1101 2658 summum

78 2679 215 2763 bonum,
237 2683 275 2745 ut
297 2680 382 2745 idem
405 2685 439 2746 et
460 2680 632 2747 honestum
655 2683 688 2746 et
710 2680 886 2747 iucundum
910 2680 989 2748 sit?'
1026 2681 1102 2766 quia

79 2791 154 2854 pars
177 2768 306 2834 honesti
328 2791 395 2835 non
417 2773 526 2855 potest
548 2792 616 2836 esse
638 2770 702 2835 nisi
724 2771 910 2855 honestum,
934 2792 994 2836 neo
1017 2793 1101 2837 sum-

80 2880 169 2923 mum
196 2859 318 2924 bonum
341 2857 473 2924 habebit
496 2859 712 2925 sinceritatem
737 2882 841 2944 suam,
870 2861 899 2926 si
921 2859 1044 2944 aliquid
1066 2860 1101 2922 in

168 3033 204 3089 m
224 3035 300 3105 Vero.
314 3049 401 3106 peory.
417 3035 437 3088 1
454 3038 507 3090 139
513 3050 551 3104 sq.
566 3035 617 3101 cfr.
632 3033 694 3091 Sea.
710 3035 786 3104 epist.
801 3039 845 3103 90,
860 3039 895 3090 11

169 3140 187 3195 2
206 3140 407 3212 stragmentur.
436 3156 474 3195 an
492 3140 573 3196 serisi
586 3142 613 3194 A
631 3157 700 3198 corr.
714 3142 783 3212 vaip.
801 3140 812 3213 Η
833 3140 852 3196 d
870 3156 954 3195 eaeeo
973 3139 1015 3195 rei
1032 3140 1100 3210 volq.

80 3228 145 3285 eece
163 3212 205 3267 rei
218 3215 245 3266 A
264 3214 322 3267 ‘res
339 3214 365 3268 t.
380 3213 398 3268 l.
413 3213 554 3284 sipnifirat
570 3212 749 3282 uoluptatem,
764 3229 847 3282 quam
860 3214 963 3268 molam
976 3227 1101 3267 essenon

79 3301 149 3354 opus
174 3289 214 3340 ast
237 3284 312 3340 dict?
341 3283 424 3340 Gertz
449 3283 460 3356 Η
488 3283 503 3338 t
529 3283 706 3353 periculoque
729 3299 872 3340 amamur.
907 3289 934 3339 et
956 3288 1102 3352 capturum

79 3353 453 3496 iustitutionis
467 3370 498 3498 q
511 3355 768 3498 nemun
781 3353 1112 3495 abortuum

81 3495 118 3551 m
129 3495 204 3552 ferat
217 3497 258 3551 A²
271 3513 339 3553 eurr.
353 3515 388 3553 m.
404 3443 489 3564 1-y2,
503 3497 626 3554 rodendo
639 3497 739 3552 driade
751 3499 817 3554 aut
827 3495 891 3568 tm
907 3496 1056 3565 quomo-nt
1068 3493 1134 3545 Au

81 3566 117 3622 18
135 3567 225 3624 saltus
242 3569 311 3639 vulp.
326 3584 362 3625 ee
380 3568 484 3642 vorati
502 3569 583 3628 codd.
600 3569 684 3627 intus
701 3569 731 3627 A

876 3669 937 3724 Ἃ*
