<?xml version="1.0" encoding="UTF-8"?>
<!DOCTYPE html PUBLIC "-//W3C//DTD XHTML 1.0 Transitional//EN"
    "http://www.w3.org/TR/xhtml1/DTD/xhtml1-transitional.dtd">
<html xmlns="http://www.w3.org/1999/xhtml" xml:lang="en" lang="en">
 <head>
  <title>
</title>
<meta http-equiv="Content-Type" content="text/html;charset=utf-8" />
  <meta name='ocr-system' content='tesseract 3.04.00' />
  <meta name='ocr-capabilities' content='ocr_page ocr_carea ocr_par ocr_line ocrx_word'/>
</head>
<body>
  <div class='ocr_page' id='page_1' title='image "./dialogorumlibro00senegoog_0235.png"; bbox 0 0 2400 3840; ppageno 0'>
   <div class='ocr_carea' id='block_1_1' title="bbox 94 193 927 266">
    <p class='ocr_par' dir='ltr' id='par_1_1' title="bbox 94 193 927 266">
     <span class='ocr_line' id='line_1_1' title="bbox 94 193 927 266; baseline -0.006 -11"><span class='ocrx_word' id='word_1_1' title='bbox 94 199 164 266; x_wconf 74' lang='lat'>210</span> <span class='ocrx_word' id='word_1_2' title='bbox 289 196 319 251; x_wconf 86' lang='lat' dir='ltr'>L.</span> <span class='ocrx_word' id='word_1_3' title='bbox 334 195 476 250; x_wconf 85' lang='lat' dir='ltr'><strong><em>ANNAEI</em></strong></span> <span class='ocrx_word' id='word_1_4' title='bbox 494 194 658 250; x_wconf 77' lang='lat' dir='ltr'>SENECAE</span> <span class='ocrx_word' id='word_1_5' title='bbox 676 194 772 249; x_wconf 85' lang='lat' dir='ltr'><strong><em>DlAL.</em></strong></span> <span class='ocrx_word' id='word_1_6' title='bbox 786 194 854 250; x_wconf 85' lang='lat' dir='ltr'><strong>LIB.</strong></span> <span class='ocrx_word' id='word_1_7' title='bbox 867 193 927 250; x_wconf 88' lang='lat' dir='ltr'>VH.</span> 
     </span>
    </p>
   </div>
   <div class='ocr_carea' id='block_1_2' title="bbox 60 340 1165 2565">
    <p class='ocr_par' dir='ltr' id='par_1_2' title="bbox 93 340 1125 692">
     <span class='ocr_line' id='line_1_2' title="bbox 93 340 1125 425; baseline 0.001 -18"><span class='ocrx_word' id='word_1_8' title='bbox 93 342 230 407; x_wconf 80' lang='lat' dir='ltr'>virilitas</span> <span class='ocrx_word' id='word_1_9' title='bbox 258 342 347 407; x_wconf 86' lang='lat' dir='ltr'>salva</span> <span class='ocrx_word' id='word_1_10' title='bbox 374 344 435 425; x_wconf 86' lang='lat' dir='ltr'>est,</span> <span class='ocrx_word' id='word_1_11' title='bbox 462 341 545 405; x_wconf 92' lang='lat' dir='ltr'>nulli</span> <span class='ocrx_word' id='word_1_12' title='bbox 572 361 689 425; x_wconf 86' lang='lat' dir='ltr'>eorpus</span> <span class='ocrx_word' id='word_1_13' title='bbox 716 344 809 405; x_wconf 90' lang='lat' dir='ltr'>tuum</span> <span class='ocrx_word' id='word_1_14' title='bbox 832 340 922 424; x_wconf 91' lang='lat' dir='ltr'>turpi</span> <span class='ocrx_word' id='word_1_15' title='bbox 943 341 1125 424; x_wconf 83' lang='lat' dir='ltr'>patientiae</span> 
     </span>
     <span class='ocr_line' id='line_1_3' title="bbox 95 430 1124 515; baseline 0.001 -20"><span class='ocrx_word' id='word_1_16' title='bbox 95 433 201 513; x_wconf 86' lang='lat' dir='ltr'>vacat,</span> <span class='ocrx_word' id='word_1_17' title='bbox 237 431 292 496; x_wconf 88' lang='lat' dir='ltr'>sed</span> <span class='ocrx_word' id='word_1_18' title='bbox 321 430 357 494; x_wconf 90' lang='lat' dir='ltr'>in</span> <span class='ocrx_word' id='word_1_19' title='bbox 392 452 490 495; x_wconf 88' lang='lat' dir='ltr'>manu</span> <span class='ocrx_word' id='word_1_20' title='bbox 523 433 715 514; x_wconf 87' lang='lat' dir='ltr'>tympanum</span> <span class='ocrx_word' id='word_1_21' title='bbox 751 433 809 495; x_wconf 85' lang='lat' dir='ltr'>est.</span> <span class='ocrx_word' id='word_1_22' title='bbox 860 430 976 494; x_wconf 90' lang='lat' dir='ltr'>titulus</span> <span class='ocrx_word' id='word_1_23' title='bbox 1009 430 1124 515; x_wconf 85' lang='lat' dir='ltr'>itaque</span> 
     </span>
     <span class='ocr_line' id='line_1_4' title="bbox 94 518 1123 605; baseline 0.001 -21"><span class='ocrx_word' id='word_1_24' title='bbox 94 519 249 585; x_wconf 90' lang='lat' dir='ltr'>honestus</span> <span class='ocrx_word' id='word_1_25' title='bbox 277 519 415 604; x_wconf 89' lang='lat' dir='ltr'>eligatur</span> <span class='ocrx_word' id='word_1_26' title='bbox 442 524 474 584; x_wconf 94' lang='lat' dir='ltr'>et</span> <span class='ocrx_word' id='word_1_27' title='bbox 503 518 670 600; x_wconf 75' lang='lat' dir='ltr'>inscriptio</span> <span class='ocrx_word' id='word_1_28' title='bbox 699 519 770 602; x_wconf 87' lang='lat' dir='ltr'>ipsa</span> <span class='ocrx_word' id='word_1_29' title='bbox 792 519 935 584; x_wconf 87' lang='lat' dir='ltr'>excitans</span> <span class='ocrx_word' id='word_1_30' title='bbox 958 519 1123 605; x_wconf 80' lang='lat' dir='ltr'>animum3</span> 
     </span>
     <span class='ocr_line' id='line_1_5' title="bbox 95 607 1123 692; baseline 0.001 -18"><span class='ocrx_word' id='word_1_31' title='bbox 95 629 174 692; x_wconf 78' lang='lat' dir='ltr'>qnae</span> <span class='ocrx_word' id='word_1_32' title='bbox 205 613 280 691; x_wconf 82' lang='lat' dir='ltr'>stet,</span> <span class='ocrx_word' id='word_1_33' title='bbox 311 609 433 690; x_wconf 74' lang='lat' dir='ltr'>corpori</span> <span class='ocrx_word' id='word_1_34' title='bbox 466 607 617 674; x_wconf 71' lang='lat' dir='ltr'>adnlnnr</span> <span class='ocrx_word' id='word_1_35' title='bbox 645 608 860 690; x_wconf 76' lang='lat' dir='ltr'>invitavitque,</span> <span class='ocrx_word' id='word_1_36' title='bbox 895 628 977 690; x_wconf 86' lang='lat' dir='ltr'>quae</span> <span class='ocrx_word' id='word_1_37' title='bbox 1008 609 1123 675; x_wconf 82' lang='lat' dir='ltr'>stetim</span> 
     </span>
    </p>

    <p class='ocr_par' dir='ltr' id='par_1_3' title="bbox 60 696 1162 1231">
     <span class='ocr_line' id='line_1_6' title="bbox 60 696 1161 781; baseline -0.003 -18"><span class='ocrx_word' id='word_1_38' title='bbox 60 701 251 763; x_wconf 71' lang='lat' dir='ltr'>evenerunt</span> <span class='ocrx_word' id='word_1_39' title='bbox 281 697 369 762; x_wconf 84' lang='lat' dir='ltr'>vitia.</span> <span class='ocrx_word' id='word_1_40' title='bbox 420 697 565 781; x_wconf 85' lang='lat' dir='ltr'>quisquis</span> <span class='ocrx_word' id='word_1_41' title='bbox 595 696 636 761; x_wconf 86' lang='lat' dir='ltr'>ad</span> <span class='ocrx_word' id='word_1_42' title='bbox 665 697 817 761; x_wconf 80' lang='lat' dir='ltr'>virtutem</span> <span class='ocrx_word' id='word_1_43' title='bbox 848 696 998 781; x_wconf 81' lang='lat' dir='ltr'>accersit,</span> <span class='ocrx_word' id='word_1_44' title='bbox 1033 698 1124 763; x_wconf 90' lang='lat' dir='ltr'>dedit</span> <span class='ocrx_word' id='word_1_45' title='bbox 1151 719 1161 760; x_wconf 75' lang='lat' dir='ltr'>c</span> 
     </span>
     <span class='ocr_line' id='line_1_7' title="bbox 95 785 1122 873; baseline 0.002 -22"><span class='ocrx_word' id='word_1_46' title='bbox 95 808 268 873; x_wconf 79' lang='lat' dir='ltr'>generosae</span> <span class='ocrx_word' id='word_1_47' title='bbox 299 786 417 852; x_wconf 88' lang='lat' dir='ltr'>indolis</span> <span class='ocrx_word' id='word_1_48' title='bbox 446 786 621 869; x_wconf 75' lang='lat' dir='ltr'>specimen,</span> <span class='ocrx_word' id='word_1_49' title='bbox 652 785 708 868; x_wconf 89' lang='lat' dir='ltr'>qui</span> <span class='ocrx_word' id='word_1_50' title='bbox 735 787 936 871; x_wconf 86' lang='lat' dir='ltr'>voluptatem</span> <span class='ocrx_word' id='word_1_51' title='bbox 963 788 1122 871; x_wconf 89' lang='lat' dir='ltr'>sequitur,</span> 
     </span>
     <span class='ocr_line' id='line_1_8' title="bbox 94 874 1122 961; baseline 0.001 -21"><span class='ocrx_word' id='word_1_52' title='bbox 94 876 222 941; x_wconf 86' lang='lat' dir='ltr'>videtur</span> <span class='ocrx_word' id='word_1_53' title='bbox 240 876 378 958; x_wconf 82' lang='lat' dir='ltr'>enervis,</span> <span class='ocrx_word' id='word_1_54' title='bbox 400 875 534 959; x_wconf 86' lang='lat' dir='ltr'>fractus,</span> <span class='ocrx_word' id='word_1_55' title='bbox 559 874 753 961; x_wconf 78' lang='lat' dir='ltr'>degenerans</span> <span class='ocrx_word' id='word_1_56' title='bbox 767 875 791 958; x_wconf 87' lang='lat'>†</span> <span class='ocrx_word' id='word_1_57' title='bbox 804 875 888 958; x_wconf 83' lang='lat' dir='ltr'>viro,</span> <span class='ocrx_word' id='word_1_58' title='bbox 905 879 1122 959; x_wconf 86' lang='lat' dir='ltr'>perventurus</span> 
     </span>
     <span class='ocr_line' id='line_1_9' title="bbox 95 963 1123 1050; baseline 0 -20"><span class='ocrx_word' id='word_1_59' title='bbox 95 965 130 1030; x_wconf 94' lang='lat' dir='ltr'>in</span> <span class='ocrx_word' id='word_1_60' title='bbox 160 966 283 1050; x_wconf 86' lang='lat' dir='ltr'>tmpia,</span> <span class='ocrx_word' id='word_1_61' title='bbox 314 964 378 1030; x_wconf 92' lang='lat' dir='ltr'>nisi</span> <span class='ocrx_word' id='word_1_62' title='bbox 410 964 527 1046; x_wconf 86' lang='lat' dir='ltr'>aliquis</span> <span class='ocrx_word' id='word_1_63' title='bbox 560 963 742 1029; x_wconf 73' lang='lat' dir='ltr'>distinxerit</span> <span class='ocrx_word' id='word_1_64' title='bbox 773 964 822 1028; x_wconf 93' lang='lat' dir='ltr'>illi</span> <span class='ocrx_word' id='word_1_65' title='bbox 853 964 1054 1049; x_wconf 86' lang='lat' dir='ltr'>voluptates,</span> <span class='ocrx_word' id='word_1_66' title='bbox 1087 970 1123 1030; x_wconf 88' lang='lat' dir='ltr'>ut</span> 
     </span>
     <span class='ocr_line' id='line_1_10' title="bbox 96 1052 1123 1139; baseline 0.001 -20"><span class='ocrx_word' id='word_1_67' title='bbox 96 1055 190 1139; x_wconf 87' lang='lat' dir='ltr'>sciat,</span> <span class='ocrx_word' id='word_1_68' title='bbox 221 1075 302 1138; x_wconf 88' lang='lat' dir='ltr'>qnae</span> <span class='ocrx_word' id='word_1_69' title='bbox 330 1076 370 1118; x_wconf 88' lang='lat' dir='ltr'>ex</span> <span class='ocrx_word' id='word_1_70' title='bbox 392 1054 438 1118; x_wconf 88' lang='lat' dir='ltr'>eis</span> <span class='ocrx_word' id='word_1_71' title='bbox 462 1054 547 1117; x_wconf 86' lang='lat' dir='ltr'>intra</span> <span class='ocrx_word' id='word_1_72' title='bbox 568 1053 714 1118; x_wconf 89' lang='lat' dir='ltr'>naturale</span> <span class='ocrx_word' id='word_1_73' title='bbox 737 1052 931 1119; x_wconf 88' lang='lat' dir='ltr'>desiderium</span> <span class='ocrx_word' id='word_1_74' title='bbox 954 1053 1123 1138; x_wconf 86' lang='lat' dir='ltr'>desistant,</span> 
     </span>
     <span class='ocr_line' id='line_1_11' title="bbox 96 1141 1162 1231; baseline -0.004 -22"><span class='ocrx_word' id='word_1_75' title='bbox 96 1165 178 1226; x_wconf 89' lang='lat' dir='ltr'>quae</span> <span class='ocrx_word' id='word_1_76' title='bbox 201 1164 353 1227; x_wconf 90' lang='lat' dir='ltr'>praeceps</span> <span class='ocrx_word' id='word_1_77' title='bbox 377 1142 522 1206; x_wconf 84' lang='lat' dir='ltr'>ferantur</span> <span class='ocrx_word' id='word_1_78' title='bbox 544 1141 752 1226; x_wconf 88' lang='lat' dir='ltr'>infinitaeque</span> <span class='ocrx_word' id='word_1_79' title='bbox 775 1143 840 1208; x_wconf 88' lang='lat' dir='ltr'>sint</span> <span class='ocrx_word' id='word_1_80' title='bbox 861 1145 906 1227; x_wconf 88' lang='lat' dir='ltr'>et,</span> <span class='ocrx_word' id='word_1_81' title='bbox 930 1163 995 1226; x_wconf 91' lang='lat' dir='ltr'>quo</span> <span class='ocrx_word' id='word_1_82' title='bbox 1015 1145 1123 1231; x_wconf 88' lang='lat' dir='ltr'>magis</span> <span class='ocrx_word' id='word_1_83' title='bbox 1141 1165 1162 1207; x_wconf 85' lang='lat' dir='ltr'>n</span> 
     </span>
    </p>

    <p class='ocr_par' dir='ltr' id='par_1_4' title="bbox 60 1230 1163 2207">
     <span class='ocr_line' id='line_1_12' title="bbox 60 1230 1124 1317; baseline 0.001 -20"><span class='ocrx_word' id='word_1_84' title='bbox 60 1232 285 1315; x_wconf 77' lang='lat' dir='ltr'>timplentur‚</span> <span class='ocrx_word' id='word_1_85' title='bbox 309 1253 346 1296; x_wconf 91' lang='lat' dir='ltr'>eo</span> <span class='ocrx_word' id='word_1_86' title='bbox 370 1231 474 1316; x_wconf 86' lang='lat' dir='ltr'>magis</span> <span class='ocrx_word' id='word_1_87' title='bbox 492 1231 714 1314; x_wconf 86' lang='lat' dir='ltr'>inexplebiles:</span> <span class='ocrx_word' id='word_1_88' title='bbox 738 1231 888 1317; x_wconf 82' lang='lat' dir='ltr'>agedum,</span> <span class='ocrx_word' id='word_1_89' title='bbox 911 1230 1014 1297; x_wconf 80' lang='lat' dir='ltr'>virtus</span> <span class='ocrx_word' id='word_1_90' title='bbox 1034 1237 1124 1298; x_wconf 81' lang='lat' dir='ltr'>ante</span> 
     </span>
     <span class='ocr_line' id='line_1_13' title="bbox 96 1320 1125 1405; baseline 0.001 -20"><span class='ocrx_word' id='word_1_91' title='bbox 96 1321 203 1404; x_wconf 87' lang='lat' dir='ltr'>cedat,</span> <span class='ocrx_word' id='word_1_92' title='bbox 269 1323 340 1384; x_wconf 89' lang='lat' dir='ltr'>tum</span> <span class='ocrx_word' id='word_1_93' title='bbox 367 1320 429 1384; x_wconf 90' lang='lat' dir='ltr'>erit</span> <span class='ocrx_word' id='word_1_94' title='bbox 452 1340 546 1384; x_wconf 91' lang='lat' dir='ltr'>omne</span> <span class='ocrx_word' id='word_1_95' title='bbox 569 1320 750 1405; x_wconf 86' lang='lat' dir='ltr'>vestigium.</span> <span class='ocrx_word' id='word_1_96' title='bbox 796 1324 829 1385; x_wconf 92' lang='lat' dir='ltr'>et</span> <span class='ocrx_word' id='word_1_97' title='bbox 850 1320 1002 1403; x_wconf 86' lang='lat' dir='ltr'>voluptas</span> <span class='ocrx_word' id='word_1_98' title='bbox 1025 1327 1125 1388; x_wconf 89' lang='lat' dir='ltr'>nocet</span> 
     </span>
     <span class='ocr_line' id='line_1_14' title="bbox 95 1408 1125 1493; baseline 0.003 -20"><span class='ocrx_word' id='word_1_99' title='bbox 95 1409 212 1474; x_wconf 86' lang='lat' dir='ltr'>nimia:</span> <span class='ocrx_word' id='word_1_100' title='bbox 241 1409 275 1472; x_wconf 93' lang='lat' dir='ltr'>in</span> <span class='ocrx_word' id='word_1_101' title='bbox 302 1408 422 1472; x_wconf 78' lang='lat' dir='ltr'>virtute</span> <span class='ocrx_word' id='word_1_102' title='bbox 444 1430 511 1473; x_wconf 93' lang='lat' dir='ltr'>non</span> <span class='ocrx_word' id='word_1_103' title='bbox 533 1413 581 1474; x_wconf 92' lang='lat' dir='ltr'>est</span> <span class='ocrx_word' id='word_1_104' title='bbox 604 1408 790 1493; x_wconf 84' lang='lat' dir='ltr'>verendum,</span> <span class='ocrx_word' id='word_1_105' title='bbox 816 1431 857 1474; x_wconf 92' lang='lat' dir='ltr'>ne</span> <span class='ocrx_word' id='word_1_106' title='bbox 881 1409 959 1493; x_wconf 91' lang='lat' dir='ltr'>quid</span> <span class='ocrx_word' id='word_1_107' title='bbox 981 1409 1125 1476; x_wconf 91' lang='lat' dir='ltr'>nimium</span> 
     </span>
     <span class='ocr_line' id='line_1_15' title="bbox 97 1497 1125 1584; baseline 0.002 -22"><span class='ocrx_word' id='word_1_108' title='bbox 97 1498 152 1580; x_wconf 87' lang='lat' dir='ltr'>sit,</span> <span class='ocrx_word' id='word_1_109' title='bbox 185 1497 261 1580; x_wconf 91' lang='lat' dir='ltr'>quia</span> <span class='ocrx_word' id='word_1_110' title='bbox 295 1497 330 1560; x_wconf 92' lang='lat' dir='ltr'>in</span> <span class='ocrx_word' id='word_1_111' title='bbox 356 1497 428 1580; x_wconf 86' lang='lat' dir='ltr'>ipsa</span> <span class='ocrx_word' id='word_1_112' title='bbox 459 1501 508 1563; x_wconf 86' lang='lat' dir='ltr'>est</span> <span class='ocrx_word' id='word_1_113' title='bbox 535 1497 664 1582; x_wconf 81' lang='lat' dir='ltr'>modus3</span> <span class='ocrx_word' id='word_1_114' title='bbox 695 1519 762 1563; x_wconf 92' lang='lat' dir='ltr'>non</span> <span class='ocrx_word' id='word_1_115' title='bbox 789 1502 838 1564; x_wconf 88' lang='lat' dir='ltr'>est</span> <span class='ocrx_word' id='word_1_116' title='bbox 863 1499 1001 1583; x_wconf 88' lang='lat' dir='ltr'>bonum,</span> <span class='ocrx_word' id='word_1_117' title='bbox 1034 1501 1125 1584; x_wconf 92' lang='lat' dir='ltr'>quod</span> 
     </span>
     <span class='ocr_line' id='line_1_16' title="bbox 96 1584 1162 1672; baseline 0.002 -24"><span class='ocrx_word' id='word_1_118' title='bbox 96 1584 318 1670; x_wconf 75' lang='lat' dir='ltr'>magnitudine</span> <span class='ocrx_word' id='word_1_119' title='bbox 353 1587 480 1651; x_wconf 86' lang='lat' dir='ltr'>laborat</span> <span class='ocrx_word' id='word_1_120' title='bbox 517 1607 583 1651; x_wconf 87' lang='lat' dir='ltr'>sua.</span> <span class='ocrx_word' id='word_1_121' title='bbox 637 1587 829 1653; x_wconf 72' lang='lat' dir='ltr'>rationalem</span> <span class='ocrx_word' id='word_1_122' title='bbox 865 1608 962 1672; x_wconf 93' lang='lat' dir='ltr'>porro</span> <span class='ocrx_word' id='word_1_123' title='bbox 996 1591 1124 1655; x_wconf 85' lang='lat' dir='ltr'>sortitis</span> <span class='ocrx_word' id='word_1_124' title='bbox 1141 1609 1162 1651; x_wconf 81' lang='lat' dir='ltr'>n</span> 
     </span>
     <span class='ocr_line' id='line_1_17' title="bbox 96 1676 1125 1760; baseline 0.004 -22"><span class='ocrx_word' id='word_1_125' title='bbox 96 1677 245 1739; x_wconf 88' lang='lat' dir='ltr'>naturam</span> <span class='ocrx_word' id='word_1_126' title='bbox 273 1696 355 1759; x_wconf 88' lang='lat' dir='ltr'>quae</span> <span class='ocrx_word' id='word_1_127' title='bbox 381 1676 497 1740; x_wconf 89' lang='lat' dir='ltr'>melius</span> <span class='ocrx_word' id='word_1_128' title='bbox 524 1697 575 1741; x_wconf 91' lang='lat' dir='ltr'>res</span> <span class='ocrx_word' id='word_1_129' title='bbox 603 1698 700 1760; x_wconf 89' lang='lat' dir='ltr'>quam</span> <span class='ocrx_word' id='word_1_130' title='bbox 722 1677 806 1741; x_wconf 88' lang='lat' dir='ltr'>ratio</span> <span class='ocrx_word' id='word_1_131' title='bbox 829 1677 1045 1760; x_wconf 81' lang='lat' dir='ltr'>proponitur?</span> <span class='ocrx_word' id='word_1_132' title='bbox 1093 1683 1125 1744; x_wconf 93' lang='lat' dir='ltr'>et</span> 
     </span>
     <span class='ocr_line' id='line_1_18' title="bbox 97 1764 1124 1849; baseline 0.004 -20"><span class='ocrx_word' id='word_1_133' title='bbox 97 1764 125 1829; x_wconf 94' lang='lat' dir='ltr'>si</span> <span class='ocrx_word' id='word_1_134' title='bbox 146 1765 253 1847; x_wconf 86' lang='lat' dir='ltr'>placet</span> <span class='ocrx_word' id='word_1_135' title='bbox 275 1764 338 1830; x_wconf 88' lang='lat' dir='ltr'>ista</span> <span class='ocrx_word' id='word_1_136' title='bbox 359 1765 522 1848; x_wconf 87' lang='lat' dir='ltr'>iunctura,</span> <span class='ocrx_word' id='word_1_137' title='bbox 546 1765 573 1831; x_wconf 93' lang='lat' dir='ltr'>si</span> <span class='ocrx_word' id='word_1_138' title='bbox 594 1766 659 1831; x_wconf 91' lang='lat' dir='ltr'>hoc</span> <span class='ocrx_word' id='word_1_139' title='bbox 681 1765 788 1849; x_wconf 88' lang='lat' dir='ltr'>placet</span> <span class='ocrx_word' id='word_1_140' title='bbox 810 1765 851 1830; x_wconf 87' lang='lat' dir='ltr'>ad</span> <span class='ocrx_word' id='word_1_141' title='bbox 873 1764 1001 1831; x_wconf 83' lang='lat' dir='ltr'>beatam</span> <span class='ocrx_word' id='word_1_142' title='bbox 1019 1767 1124 1833; x_wconf 83' lang='lat' dir='ltr'>vitam</span> 
     </span>
     <span class='ocr_line' id='line_1_19' title="bbox 96 1854 1124 1939; baseline 0.004 -21"><span class='ocrx_word' id='word_1_143' title='bbox 96 1854 142 1918; x_wconf 91' lang='lat' dir='ltr'>ire</span> <span class='ocrx_word' id='word_1_144' title='bbox 172 1854 342 1938; x_wconf 89' lang='lat' dir='ltr'>comitatu,</span> <span class='ocrx_word' id='word_1_145' title='bbox 372 1855 474 1919; x_wconf 80' lang='lat' dir='ltr'>virtus</span> <span class='ocrx_word' id='word_1_146' title='bbox 503 1854 683 1938; x_wconf 87' lang='lat' dir='ltr'>antecedat,</span> <span class='ocrx_word' id='word_1_147' title='bbox 711 1855 883 1919; x_wconf 81' lang='lat' dir='ltr'>comitetur</span> <span class='ocrx_word' id='word_1_148' title='bbox 909 1856 1063 1939; x_wconf 83' lang='lat' dir='ltr'>voluptas</span> <span class='ocrx_word' id='word_1_149' title='bbox 1093 1861 1124 1922; x_wconf 90' lang='lat' dir='ltr'>et</span> 
     </span>
     <span class='ocr_line' id='line_1_20' title="bbox 95 1943 1124 2029; baseline 0.002 -20"><span class='ocrx_word' id='word_1_150' title='bbox 95 1943 181 2009; x_wconf 88' lang='lat' dir='ltr'>circa</span> <span class='ocrx_word' id='word_1_151' title='bbox 203 1965 320 2028; x_wconf 91' lang='lat' dir='ltr'>corpus</span> <span class='ocrx_word' id='word_1_152' title='bbox 344 1947 381 2008; x_wconf 91' lang='lat' dir='ltr'>ut</span> <span class='ocrx_word' id='word_1_153' title='bbox 403 1944 517 2008; x_wconf 86' lang='lat' dir='ltr'>umbra</span> <span class='ocrx_word' id='word_1_154' title='bbox 539 1946 696 2009; x_wconf 80' lang='lat' dir='ltr'>versetur:</span> <span class='ocrx_word' id='word_1_155' title='bbox 723 1944 877 2008; x_wconf 86' lang='lat' dir='ltr'>virtutem</span> <span class='ocrx_word' id='word_1_156' title='bbox 901 1943 1048 2029; x_wconf 90' lang='lat' dir='ltr'>quidem,</span> <span class='ocrx_word' id='word_1_157' title='bbox 1072 1969 1124 2011; x_wconf 88' lang='lat' dir='ltr'>ex-</span> 
     </span>
     <span class='ocr_line' id='line_1_21' title="bbox 96 2032 1163 2116; baseline -0.003 -18"><span class='ocrx_word' id='word_1_158' title='bbox 96 2032 306 2099; x_wconf 80' lang='lat' dir='ltr'>celsissimam</span> <span class='ocrx_word' id='word_1_159' title='bbox 329 2032 507 2116; x_wconf 87' lang='lat' dir='ltr'>dominam,</span> <span class='ocrx_word' id='word_1_160' title='bbox 530 2033 691 2116; x_wconf 89' lang='lat' dir='ltr'>voluptati</span> <span class='ocrx_word' id='word_1_161' title='bbox 713 2032 838 2098; x_wconf 90' lang='lat' dir='ltr'>tradere</span> <span class='ocrx_word' id='word_1_162' title='bbox 861 2033 1013 2099; x_wconf 79' lang='lat' dir='ltr'>ancillam</span> <span class='ocrx_word' id='word_1_163' title='bbox 1036 2035 1124 2100; x_wconf 86' lang='lat' dir='ltr'>nihil</span> <span class='ocrx_word' id='word_1_164' title='bbox 1141 2055 1163 2096; x_wconf 87' lang='lat' dir='ltr'>n</span> 
     </span>
     <span class='ocr_line' id='line_1_22' title="bbox 96 2122 806 2207; baseline 0 -21"><span class='ocrx_word' id='word_1_165' title='bbox 96 2144 250 2207; x_wconf 86' lang='lat' dir='ltr'>magnum</span> <span class='ocrx_word' id='word_1_166' title='bbox 274 2122 382 2187; x_wconf 89' lang='lat' dir='ltr'>animo</span> <span class='ocrx_word' id='word_1_167' title='bbox 406 2122 561 2205; x_wconf 90' lang='lat' dir='ltr'>capientis</span> <span class='ocrx_word' id='word_1_168' title='bbox 584 2124 641 2187; x_wconf 91' lang='lat' dir='ltr'>est.</span> <span class='ocrx_word' id='word_1_169' title='bbox 804 2182 806 2186; x_wconf 12' lang='grc' dir='ltr'><em>Α</em></span> 
     </span>
    </p>

    <p class='ocr_par' dir='ltr' id='par_1_5' title="bbox 62 2209 1165 2565">
     <span class='ocr_line' id='line_1_23' title="bbox 62 2209 1124 2297; baseline 0.006 -24"><span class='ocrx_word' id='word_1_170' title='bbox 62 2226 77 2273; x_wconf 88' lang='grc'>1</span> <span class='ocrx_word' id='word_1_171' title='bbox 185 2209 272 2275; x_wconf 90' lang='lat' dir='ltr'><strong>XIV.</strong></span> <span class='ocrx_word' id='word_1_172' title='bbox 309 2209 418 2275; x_wconf 92' lang='lat' dir='ltr'>Prima</span> <span class='ocrx_word' id='word_1_173' title='bbox 445 2211 547 2276; x_wconf 76' lang='lat' dir='ltr'>virtus</span> <span class='ocrx_word' id='word_1_174' title='bbox 578 2214 644 2292; x_wconf 88' lang='lat' dir='ltr'>eat,</span> <span class='ocrx_word' id='word_1_175' title='bbox 672 2211 752 2276; x_wconf 87' lang='lat' dir='ltr'>haec</span> <span class='ocrx_word' id='word_1_176' title='bbox 779 2211 861 2276; x_wconf 88' lang='lat' dir='ltr'>ferat</span> <span class='ocrx_word' id='word_1_177' title='bbox 889 2211 996 2297; x_wconf 86' lang='lat' dir='ltr'>signa:</span> <span class='ocrx_word' id='word_1_178' title='bbox 1025 2211 1124 2279; x_wconf 88' lang='lat' dir='ltr'>habe·</span> 
     </span>
     <span class='ocr_line' id='line_1_24' title="bbox 96 2297 1125 2384; baseline 0.007 -24"><span class='ocrx_word' id='word_1_179' title='bbox 96 2297 202 2363; x_wconf 90' lang='lat' dir='ltr'>bimus</span> <span class='ocrx_word' id='word_1_180' title='bbox 232 2298 335 2364; x_wconf 92' lang='lat' dir='ltr'>nihilo</span> <span class='ocrx_word' id='word_1_181' title='bbox 365 2299 472 2363; x_wconf 84' lang='lat' dir='ltr'>minua</span> <span class='ocrx_word' id='word_1_182' title='bbox 504 2299 717 2384; x_wconf 87' lang='lat' dir='ltr'>voluptatem,</span> <span class='ocrx_word' id='word_1_183' title='bbox 747 2300 803 2366; x_wconf 89' lang='lat' dir='ltr'>sed</span> <span class='ocrx_word' id='word_1_184' title='bbox 835 2300 958 2365; x_wconf 94' lang='lat' dir='ltr'>domini</span> <span class='ocrx_word' id='word_1_185' title='bbox 987 2300 1059 2368; x_wconf 90' lang='lat' dir='ltr'>eins</span> <span class='ocrx_word' id='word_1_186' title='bbox 1093 2307 1125 2367; x_wconf 91' lang='lat' dir='ltr'>et</span> 
     </span>
     <span class='ocr_line' id='line_1_25' title="bbox 96 2387 1124 2478; baseline 0.007 -29"><span class='ocrx_word' id='word_1_187' title='bbox 96 2389 325 2471; x_wconf 85' lang='lat' dir='ltr'>temperatores</span> <span class='ocrx_word' id='word_1_188' title='bbox 349 2388 482 2471; x_wconf 83' lang='lat' dir='ltr'>erimus3</span> <span class='ocrx_word' id='word_1_189' title='bbox 505 2387 628 2470; x_wconf 88' lang='lat' dir='ltr'>aliquid</span> <span class='ocrx_word' id='word_1_190' title='bbox 650 2409 709 2453; x_wconf 89' lang='lat' dir='ltr'>nos</span> <span class='ocrx_word' id='word_1_191' title='bbox 733 2390 893 2474; x_wconf 87' lang='lat' dir='ltr'>exorabit,</span> <span class='ocrx_word' id='word_1_192' title='bbox 915 2388 999 2453; x_wconf 88' lang='lat' dir='ltr'>nihil</span> <span class='ocrx_word' id='word_1_193' title='bbox 1018 2395 1124 2478; x_wconf 89' lang='lat' dir='ltr'>coget.</span> 
     </span>
     <span class='ocr_line' id='line_1_26' title="bbox 98 2476 1165 2565; baseline 0.001 -27"><span class='ocrx_word' id='word_1_194' title='bbox 98 2477 131 2538; x_wconf 88' lang='lat' dir='ltr'>at</span> <span class='ocrx_word' id='word_1_195' title='bbox 149 2476 191 2558; x_wconf 90' lang='lat' dir='ltr'>ei,</span> <span class='ocrx_word' id='word_1_196' title='bbox 215 2476 272 2559; x_wconf 91' lang='lat' dir='ltr'>qui</span> <span class='ocrx_word' id='word_1_197' title='bbox 289 2477 451 2560; x_wconf 80' lang='lat' dir='ltr'>voluptati</span> <span class='ocrx_word' id='word_1_198' title='bbox 464 2476 622 2540; x_wconf 89' lang='lat' dir='ltr'>tradidere</span> <span class='ocrx_word' id='word_1_199' title='bbox 636 2477 964 2563; x_wconf 64' lang='lat' dir='ltr'>principiautroque</span> <span class='ocrx_word' id='word_1_200' title='bbox 978 2499 1125 2565; x_wconf 83' lang='lat' dir='ltr'>caruere3</span> <span class='ocrx_word' id='word_1_201' title='bbox 1141 2499 1165 2540; x_wconf 82' lang='lat' dir='ltr'>a</span> 
     </span>
    </p>
   </div>
   <div class='ocr_carea' id='block_1_3' title="bbox 98 2563 1124 2653">
    <p class='ocr_par' dir='ltr' id='par_1_6' title="bbox 98 2563 1124 2653">
     <span class='ocr_line' id='line_1_27' title="bbox 98 2563 1124 2653; baseline 0.008 -26"><span class='ocrx_word' id='word_1_202' title='bbox 98 2563 250 2628; x_wconf 89' lang='lat' dir='ltr'>virtutem</span> <span class='ocrx_word' id='word_1_203' title='bbox 274 2565 360 2629; x_wconf 91' lang='lat' dir='ltr'>enim</span> <span class='ocrx_word' id='word_1_204' title='bbox 384 2565 553 2649; x_wconf 86' lang='lat' dir='ltr'>amittunt,</span> <span class='ocrx_word' id='word_1_205' title='bbox 574 2569 717 2631; x_wconf 89' lang='lat' dir='ltr'>ceterum</span> <span class='ocrx_word' id='word_1_206' title='bbox 739 2589 806 2632; x_wconf 91' lang='lat' dir='ltr'>non</span> <span class='ocrx_word' id='word_1_207' title='bbox 828 2568 892 2651; x_wconf 93' lang='lat' dir='ltr'>ipsi</span> <span class='ocrx_word' id='word_1_208' title='bbox 910 2568 1124 2653; x_wconf 84' lang='lat' dir='ltr'>voluptatem,</span> 
     </span>
    </p>
   </div>
   <div class='ocr_carea' id='block_1_4' title="bbox 188 2738 858 2813">
    <p class='ocr_par' dir='ltr' id='par_1_7' title="bbox 188 2738 858 2813">
     <span class='ocr_line' id='line_1_28' title="bbox 188 2738 858 2813; baseline 0.003 -19"><span class='ocrx_word' id='word_1_209' title='bbox 188 2738 203 2794; x_wconf 79' lang='grc'><strong>7</strong></span> <span class='ocrx_word' id='word_1_210' title='bbox 223 2739 305 2808; x_wconf 79' lang='lat' dir='ltr'>Epic.</span> <span class='ocrx_word' id='word_1_211' title='bbox 319 2739 356 2805; x_wconf 74' lang='lat' dir='ltr'>fr.</span> <span class='ocrx_word' id='word_1_212' title='bbox 371 2743 426 2796; x_wconf 80' lang='lat'>455</span> <span class='ocrx_word' id='word_1_213' title='bbox 444 2740 489 2796; x_wconf 87' lang='lat' dir='ltr'>Ue.</span> <span class='ocrx_word' id='word_1_214' title='bbox 507 2739 518 2813; x_wconf 76' lang='grc' dir='ltr'><strong>Η</strong></span> <span class='ocrx_word' id='word_1_215' title='bbox 535 2739 570 2795; x_wconf 85' lang='grc'>19</span> <span class='ocrx_word' id='word_1_216' title='bbox 589 2742 672 2812; x_wconf 82' lang='lat' dir='ltr'>Epic.</span> <span class='ocrx_word' id='word_1_217' title='bbox 686 2742 725 2808; x_wconf 80' lang='lat' dir='ltr'>fr.</span> <span class='ocrx_word' id='word_1_218' title='bbox 741 2745 794 2796; x_wconf 78' lang='lat'>514</span> <span class='ocrx_word' id='word_1_219' title='bbox 814 2742 858 2798; x_wconf 80' lang='lat' dir='ltr'>Ua.</span> 
     </span>
    </p>
   </div>
   <div class='ocr_carea' id='block_1_5' title="bbox 54 2844 1129 3640">
    <p class='ocr_par' dir='ltr' id='par_1_8' title="bbox 54 2844 1129 3640">
     <span class='ocr_line' id='line_1_29' title="bbox 97 2844 1125 2921; baseline 0.008 -23"><span class='ocrx_word' id='word_1_220' title='bbox 97 2852 98 2857; x_wconf 76' lang='grc'>’</span> <span class='ocrx_word' id='word_1_221' title='bbox 186 2844 205 2899; x_wconf 82' lang='grc'><strong>4</strong></span> <span class='ocrx_word' id='word_1_222' title='bbox 223 2861 296 2915; x_wconf 86' lang='lat' dir='ltr'>quae</span> <span class='ocrx_word' id='word_1_223' title='bbox 315 2846 413 2901; x_wconf 86' lang='lat' dir='ltr'>statim</span> <span class='ocrx_word' id='word_1_224' title='bbox 430 2850 570 2903; x_wconf 87' lang='lat' dir='ltr'>uenerunt</span> <span class='ocrx_word' id='word_1_225' title='bbox 587 2848 661 2903; x_wconf 88' lang='lat' dir='ltr'>uitia</span> <span class='ocrx_word' id='word_1_226' title='bbox 679 2849 705 2902; x_wconf 98' lang='lat' dir='ltr'><strong><em>A</em></strong></span> <span class='ocrx_word' id='word_1_227' title='bbox 726 2849 894 2918; x_wconf 67' lang='lat' dir='ltr'>scripturam</span> <span class='ocrx_word' id='word_1_228' title='bbox 911 2865 1040 2905; x_wconf 75' lang='lat' dir='ltr'>namnam</span> <span class='ocrx_word' id='word_1_229' title='bbox 1058 2868 1125 2921; x_wconf 75' lang='lat' dir='ltr'>erep-</span> 
     </span>
     <span class='ocr_line' id='line_1_30' title="bbox 94 2918 1126 2991; baseline 0.008 -20"><span class='ocrx_word' id='word_1_230' title='bbox 94 2918 182 2987; x_wconf 83' lang='lat' dir='ltr'>pieeit</span> <span class='ocrx_word' id='word_1_231' title='bbox 199 2918 384 2973; x_wconf 76' lang='lat' dir='ltr'>Reitzenstein</span> <span class='ocrx_word' id='word_1_232' title='bbox 408 2934 482 2986; x_wconf 87' lang='lat' dir='ltr'>quae</span> <span class='ocrx_word' id='word_1_233' title='bbox 504 2921 563 2974; x_wconf 86' lang='lat' dir='ltr'>stat</span> <span class='ocrx_word' id='word_1_234' title='bbox 587 2921 677 2990; x_wconf 87' lang='lat' dir='ltr'>(extat</span> <span class='ocrx_word' id='word_1_235' title='bbox 695 2921 782 2975; x_wconf 77' lang='lat' dir='ltr'>Hertz</span> <span class='ocrx_word' id='word_1_236' title='bbox 800 2926 827 2976; x_wconf 89' lang='lat' dir='ltr'>et</span> <span class='ocrx_word' id='word_1_237' title='bbox 843 2921 1054 2991; x_wconf 77' lang='lat' dir='ltr'>Reitrnwtein),</span> <span class='ocrx_word' id='word_1_238' title='bbox 1082 2924 1126 2979; x_wconf 88' lang='lat' dir='ltr'>in·</span> 
     </span>
     <span class='ocr_line' id='line_1_31' title="bbox 97 2988 1127 3068; baseline 0.008 -26"><span class='ocrx_word' id='word_1_239' title='bbox 97 2991 234 3044; x_wconf 80' lang='lat' dir='ltr'>venerunt</span> <span class='ocrx_word' id='word_1_240' title='bbox 251 2988 322 3043; x_wconf 83' lang='lat' dir='ltr'>vitia</span> <span class='ocrx_word' id='word_1_241' title='bbox 337 2991 457 3060; x_wconf 75' lang='lat' dir='ltr'>Modoip</span> <span class='ocrx_word' id='word_1_242' title='bbox 474 3006 548 3059; x_wconf 83' lang='lat' dir='ltr'>quae</span> <span class='ocrx_word' id='word_1_243' title='bbox 567 2992 638 3058; x_wconf 84' lang='lat' dir='ltr'>stat,</span> <span class='ocrx_word' id='word_1_244' title='bbox 658 3006 721 3045; x_wconf 84' lang='lat' dir='ltr'>eam</span> <span class='ocrx_word' id='word_1_245' title='bbox 734 2991 861 3045; x_wconf 88' lang='lat' dir='ltr'>vendunt</span> <span class='ocrx_word' id='word_1_246' title='bbox 873 2991 944 3046; x_wconf 86' lang='lat' dir='ltr'>vitia</span> <span class='ocrx_word' id='word_1_247' title='bbox 958 2992 1100 3050; x_wconf 71' lang='lat' dir='ltr'>Schultess</span> <span class='ocrx_word' id='word_1_248' title='bbox 1117 2996 1127 3068; x_wconf 77' lang='grc' dir='ltr'><em>Η</em></span> 
     </span>
     <span class='ocr_line' id='line_1_32' title="bbox 98 3059 1126 3135; baseline 0.007 -21"><span class='ocrx_word' id='word_1_249' title='bbox 98 3059 117 3114; x_wconf 83' lang='grc'><strong>6</strong></span> <span class='ocrx_word' id='word_1_250' title='bbox 136 3061 278 3130; x_wconf 89' lang='lat' dir='ltr'>specimen</span> <span class='ocrx_word' id='word_1_251' title='bbox 291 3061 388 3115; x_wconf 78' lang='lat' dir='ltr'>Haase</span> <span class='ocrx_word' id='word_1_252' title='bbox 406 3061 529 3130; x_wconf 86' lang='lat' dir='ltr'>speciem</span> <span class='ocrx_word' id='word_1_253' title='bbox 543 3064 569 3115; x_wconf 98' lang='lat' dir='ltr'><strong><em>A</em></strong></span> <span class='ocrx_word' id='word_1_254' title='bbox 594 3062 597 3134; x_wconf 87' lang='grc' dir='ltr'>Ι</span> <span class='ocrx_word' id='word_1_255' title='bbox 615 3061 665 3130; x_wconf 86' lang='lat' dir='ltr'>qui</span> <span class='ocrx_word' id='word_1_256' title='bbox 683 3063 752 3133; x_wconf 80' lang='lat' dir='ltr'>oolp.</span> <span class='ocrx_word' id='word_1_257' title='bbox 773 3077 828 3134; x_wconf 75' lang='lat' dir='ltr'>que</span> <span class='ocrx_word' id='word_1_258' title='bbox 841 3064 869 3116; x_wconf 93' lang='lat' dir='ltr'><strong><em>A</em></strong></span> <span class='ocrx_word' id='word_1_259' title='bbox 886 3062 897 3135; x_wconf 85' lang='grc' dir='ltr'>ΙΙ</span> <span class='ocrx_word' id='word_1_260' title='bbox 916 3062 931 3118; x_wconf 77' lang='grc'><strong>7</strong></span> <span class='ocrx_word' id='word_1_261' title='bbox 947 3064 1126 3134; x_wconf 81' lang='lat' dir='ltr'>degenerans</span> 
     </span>
     <span class='ocr_line' id='line_1_33' title="bbox 98 3131 1127 3205; baseline 0.007 -19"><span class='ocrx_word' id='word_1_262' title='bbox 98 3131 160 3187; x_wconf 91' lang='lat' dir='ltr'>uiro</span> <span class='ocrx_word' id='word_1_263' title='bbox 175 3131 216 3186; x_wconf 89' lang='lat' dir='ltr'><strong><em>A¹</em></strong></span> <span class='ocrx_word' id='word_1_264' title='bbox 233 3133 261 3201; x_wconf 91' lang='lat' dir='ltr'>(o</span> <span class='ocrx_word' id='word_1_265' title='bbox 279 3134 416 3201; x_wconf 78' lang='lat' dir='ltr'>enpnnnit</span> <span class='ocrx_word' id='word_1_266' title='bbox 432 3150 468 3187; x_wconf 87' lang='lat' dir='ltr'>m.</span> <span class='ocrx_word' id='word_1_267' title='bbox 483 3137 569 3199; x_wconf 81' lang='lat'><em>1-2‚</em></span> <span class='ocrx_word' id='word_1_268' title='bbox 587 3135 673 3189; x_wconf 73' lang='lat' dir='ltr'>ararit</span> <span class='ocrx_word' id='word_1_269' title='bbox 689 3151 724 3189; x_wconf 77' lang='lat' dir='ltr'>ni.</span> <span class='ocrx_word' id='word_1_270' title='bbox 739 3136 757 3188; x_wconf 85' lang='lat'><strong><em>5</em></strong></span> <span class='ocrx_word' id='word_1_271' title='bbox 775 3140 808 3189; x_wconf 86' lang='lat' dir='ltr'>nt</span> <span class='ocrx_word' id='word_1_272' title='bbox 822 3135 891 3203; x_wconf 85' lang='lat' dir='ltr'>eid.)</span> <span class='ocrx_word' id='word_1_273' title='bbox 910 3134 1089 3205; x_wconf 81' lang='lat' dir='ltr'>degenerans</span> <span class='ocrx_word' id='word_1_274' title='bbox 1109 3154 1127 3193; x_wconf 82' lang='lat' dir='ltr'>a</span> 
     </span>
     <span class='ocr_line' id='line_1_34' title="bbox 98 3203 1126 3277; baseline 0.007 -20"><span class='ocrx_word' id='word_1_275' title='bbox 98 3204 158 3258; x_wconf 88' lang='lat' dir='ltr'>viro</span> <span class='ocrx_word' id='word_1_276' title='bbox 173 3206 270 3260; x_wconf 80' lang='lat' dir='ltr'>Mreret</span> <span class='ocrx_word' id='word_1_277' title='bbox 287 3203 422 3274; x_wconf 86' lang='lat' dir='ltr'>degener,</span> <span class='ocrx_word' id='word_1_278' title='bbox 441 3219 513 3258; x_wconf 87' lang='lat' dir='ltr'>exan</span> <span class='ocrx_word' id='word_1_279' title='bbox 555 3204 561 3217; x_wconf 89' lang='lat'>&#39;</span> <span class='ocrx_word' id='word_1_280' title='bbox 591 3205 756 3260; x_wconf 82' lang='lat' dir='ltr'>Fetdnann.</span> <span class='ocrx_word' id='word_1_281' title='bbox 783 3212 905 3274; x_wconf 73' lang='lat' dir='ltr'>exspecto</span> <span class='ocrx_word' id='word_1_282' title='bbox 920 3205 1052 3277; x_wconf 82' lang='lat' dir='ltr'>degener,</span> <span class='ocrx_word' id='word_1_283' title='bbox 1068 3211 1126 3264; x_wconf 83' lang='lat' dir='ltr'>evi-</span> 
     </span>
     <span class='ocr_line' id='line_1_35' title="bbox 99 3275 1128 3355; baseline 0.008 -27"><span class='ocrx_word' id='word_1_284' title='bbox 99 3277 178 3329; x_wconf 81' lang='lat' dir='ltr'>ratus</span> <span class='ocrx_word' id='word_1_285' title='bbox 203 3276 316 3330; x_wconf 79' lang='lat' dir='ltr'>sinin</span> <span class='ocrx_word' id='word_1_286' title='bbox 339 3275 502 3346; x_wconf 74' lang='lat' dir='ltr'>predatione</span> <span class='ocrx_word' id='word_1_287' title='bbox 531 3275 534 3347; x_wconf 90' lang='grc' dir='ltr'>Ι</span> <span class='ocrx_word' id='word_1_288' title='bbox 561 3275 579 3330; x_wconf 83' lang='grc'>9</span> <span class='ocrx_word' id='word_1_289' title='bbox 603 3276 742 3331; x_wconf 88' lang='lat' dir='ltr'>desistant</span> <span class='ocrx_word' id='word_1_290' title='bbox 759 3278 787 3330; x_wconf 93' lang='lat' dir='ltr'><strong><em>A</em></strong></span> <span class='ocrx_word' id='word_1_291' title='bbox 811 3277 946 3332; x_wconf 86' lang='lat' dir='ltr'>resistant</span> <span class='ocrx_word' id='word_1_292' title='bbox 966 3279 1101 3335; x_wconf 53' lang='lat' dir='ltr'>Erana!</span> <span class='ocrx_word' id='word_1_293' title='bbox 1118 3282 1128 3355; x_wconf 66' lang='lat' dir='ltr'>tt</span> 
     </span>
     <span class='ocr_line' id='line_1_36' title="bbox 99 3344 1129 3418; baseline 0.008 -18"><span class='ocrx_word' id='word_1_294' title='bbox 99 3344 136 3401; x_wconf 83' lang='lat' dir='ltr'>la</span> <span class='ocrx_word' id='word_1_295' title='bbox 148 3347 237 3403; x_wconf 87' lang='lat' dir='ltr'>nimia</span> <span class='ocrx_word' id='word_1_296' title='bbox 251 3348 278 3400; x_wconf 90' lang='lat' dir='ltr'><strong><em>A</em></strong></span> <span class='ocrx_word' id='word_1_297' title='bbox 292 3348 321 3416; x_wconf 88' lang='lat' dir='ltr'>(a</span> <span class='ocrx_word' id='word_1_298' title='bbox 335 3363 404 3403; x_wconf 84' lang='lat' dir='ltr'>corr.</span> <span class='ocrx_word' id='word_1_299' title='bbox 418 3347 483 3414; x_wconf 78' lang='lat' dir='ltr'>fort.</span> <span class='ocrx_word' id='word_1_300' title='bbox 498 3363 532 3401; x_wconf 83' lang='lat' dir='ltr'>en</span> <span class='ocrx_word' id='word_1_301' title='bbox 546 3364 559 3400; x_wconf 86' lang='lat' dir='ltr'>s</span> <span class='ocrx_word' id='word_1_302' title='bbox 572 3365 607 3404; x_wconf 80' lang='lat' dir='ltr'>nr.</span> <span class='ocrx_word' id='word_1_303' title='bbox 623 3349 650 3418; x_wconf 82' lang='lat'>1)</span> <span class='ocrx_word' id='word_1_304' title='bbox 697 3346 732 3402; x_wconf 89' lang='lat'>18</span> <span class='ocrx_word' id='word_1_305' title='bbox 747 3348 928 3403; x_wconf 76' lang='lat' dir='ltr'>comitetnrs</span> <span class='ocrx_word' id='word_1_306' title='bbox 946 3350 1088 3406; x_wconf 76' lang='lat' dir='ltr'>comitatu</span> <span class='ocrx_word' id='word_1_307' title='bbox 1100 3357 1129 3408; x_wconf 91' lang='lat' dir='ltr'><strong><em>A</em></strong></span> 
     </span>
     <span class='ocr_line' id='line_1_37' title="bbox 99 3418 1129 3492; baseline 0.008 -20"><span class='ocrx_word' id='word_1_308' title='bbox 99 3419 248 3488; x_wconf 68' lang='lat' dir='ltr'>(virentem</span> <span class='ocrx_word' id='word_1_309' title='bbox 265 3418 396 3488; x_wconf 67' lang='lat' dir='ltr'>adpornt</span> <span class='ocrx_word' id='word_1_310' title='bbox 413 3420 473 3473; x_wconf 83' lang='lat' dir='ltr'>alic</span> <span class='ocrx_word' id='word_1_311' title='bbox 490 3420 599 3490; x_wconf 80' lang='lat' dir='ltr'>nonne)</span> <span class='ocrx_word' id='word_1_312' title='bbox 617 3418 628 3492; x_wconf 68' lang='lat' dir='ltr'>l)</span> <span class='ocrx_word' id='word_1_313' title='bbox 645 3418 663 3473; x_wconf 77' lang='grc'>2</span> <span class='ocrx_word' id='word_1_314' title='bbox 697 3419 841 3474; x_wconf 86' lang='lat' dir='ltr'>dominam</span> <span class='ocrx_word' id='word_1_315' title='bbox 856 3419 939 3476; x_wconf 70' lang='lat' dir='ltr'>Gertz</span> <span class='ocrx_word' id='word_1_316' title='bbox 955 3422 1086 3478; x_wconf 87' lang='lat' dir='ltr'>omnium</span> <span class='ocrx_word' id='word_1_317' title='bbox 1101 3426 1129 3480; x_wconf 90' lang='lat' dir='ltr'><strong><em>A</em></strong></span> 
     </span>
     <span class='ocr_line' id='line_1_38' title="bbox 98 3489 1128 3566; baseline 0.01 -23"><span class='ocrx_word' id='word_1_318' title='bbox 98 3489 160 3555; x_wconf 72' lang='lat' dir='ltr'>(cfr,</span> <span class='ocrx_word' id='word_1_319' title='bbox 176 3489 230 3545; x_wconf 82' lang='lat' dir='ltr'>Oie.</span> <span class='ocrx_word' id='word_1_320' title='bbox 243 3490 294 3557; x_wconf 75' lang='lat' dir='ltr'>fin.</span> <span class='ocrx_word' id='word_1_321' title='bbox 308 3490 401 3558; x_wconf 83' lang='lat'><strong><em>1112,</em></strong></span> <span class='ocrx_word' id='word_1_322' title='bbox 412 3492 458 3561; x_wconf 83' lang='lat'>37)</span> <span class='ocrx_word' id='word_1_323' title='bbox 473 3494 601 3559; x_wconf 89' lang='lat' dir='ltr'>&lt;rem&gt;</span> <span class='ocrx_word' id='word_1_324' title='bbox 618 3491 718 3546; x_wconf 84' lang='lat' dir='ltr'>excels.</span> <span class='ocrx_word' id='word_1_325' title='bbox 733 3491 858 3546; x_wconf 88' lang='lat' dir='ltr'>omnium</span> <span class='ocrx_word' id='word_1_326' title='bbox 872 3491 971 3562; x_wconf 68' lang='lat' dir='ltr'>Stangl</span> <span class='ocrx_word' id='word_1_327' title='bbox 987 3490 998 3565; x_wconf 69' lang='grc' dir='ltr'>Η</span> <span class='ocrx_word' id='word_1_328' title='bbox 1015 3492 1054 3549; x_wconf 76' lang='grc'>22</span> <span class='ocrx_word' id='word_1_329' title='bbox 1068 3500 1128 3566; x_wconf 78' lang='lat' dir='ltr'>eat,</span> 
     </span>
     <span class='ocr_line' id='line_1_39' title="bbox 54 3555 665 3640; baseline 0.018 -33"><span class='ocrx_word' id='word_1_330' title='bbox 54 3592 64 3607; x_wconf 75' lang='grc'><em>.</em></span> <span class='ocrx_word' id='word_1_331' title='bbox 86 3555 164 3613; x_wconf 83' lang='lat' dir='ltr'>lraee</span> <span class='ocrx_word' id='word_1_332' title='bbox 176 3561 304 3634; x_wconf 55' lang='lat' dir='ltr'>Madaesse</span> <span class='ocrx_word' id='word_1_333' title='bbox 321 3563 354 3620; x_wconf 89' lang='lat' dir='ltr'>at</span> <span class='ocrx_word' id='word_1_334' title='bbox 372 3562 426 3640; x_wconf 70' lang='lat' dir='ltr'>hee</span> <span class='ocrx_word' id='word_1_335' title='bbox 441 3561 482 3621; x_wconf 83' lang='lat' dir='ltr'><strong><em>A¹</em></strong></span> <span class='ocrx_word' id='word_1_336' title='bbox 501 3562 539 3620; x_wconf 81' lang='lat' dir='ltr'>ad</span> <span class='ocrx_word' id='word_1_337' title='bbox 555 3563 611 3638; x_wconf 70' lang='lat' dir='ltr'>hec</span> <span class='ocrx_word' id='word_1_338' title='bbox 626 3561 665 3618; x_wconf 66' lang='lat' dir='ltr'><strong><em>A*</em></strong></span> 
     </span>
    </p>
   </div>
   <div class='ocr_carea' id='block_1_6' title="bbox 0 0 1208 3840">
    <p class='ocr_par' dir='ltr' id='par_1_9' title="bbox 0 0 1208 3840">
     <span class='ocr_line' id='line_1_40' title="bbox 0 0 1208 3840; baseline 0 0"><span class='ocrx_word' id='word_1_339' title='bbox 0 0 1208 3840; x_wconf 95' lang='lat' dir='ltr'> </span> 
     </span>
    </p>
   </div>
  </div>
 </body>
</html>
