2400 3840
91 189 133 252 32
293 180 481 237 cannam
498 179 663 236 saracin
681 178 908 235 annulari.

56 347 70 394 1
179 327 235 393 IX.
259 325 376 393 Omnia
407 327 515 410 itaque
543 325 590 391 sic
616 325 739 410 petitur
766 330 803 391 ut
829 325 945 391 hiemis
972 320 1124 414 rigorem

91 423 123 482 et
149 417 428 502 intemperantiam
455 415 548 499 caeli,
574 418 612 479 nt
634 414 775 480 fervores
798 415 995 499 morbosque
1018 421 1055 482 et
1074 438 1125 485 os·

89 511 159 572 tera
175 508 259 572 forte
277 505 466 590 accidentia,
483 527 543 570 nec
562 504 600 569 de
617 526 781 589 quoquam
799 508 866 569 tam
884 505 965 569 bene
984 505 1123 592 iudicat,

89 597 241 661 utillum
266 595 438 679 quicquam
461 598 553 680 putet
576 594 711 659 consilio
734 593 861 677 fecisse,
884 594 971 677 quod
996 594 1034 660 in
1052 618 1122 663 uno

90 685 233 769 sapiente
249 689 305 749 est.
338 685 476 749 aliorum
495 683 641 748 omnium
658 705 725 748 non
744 682 893 766 consilia,
910 683 966 747 sed
984 684 1123 752 fraudes
1147 707 1157 747 ι

90 777 123 838 et
153 774 286 839 insidiae
314 778 346 838 et
377 777 486 839 motus
509 772 690 837 animorum
722 771 879 837 inconditi
910 775 1003 857 sunt,
1034 795 1122 859 quos

90 863 216 927 casibus
249 863 450 947 adnumerat3
483 883 578 926 omne
601 865 708 925 autem
731 861 903 926 fortmtum
935 860 1025 927 circa
1057 886 1121 931 nos

90 953 192 1030 saevit
213 956 245 1017 et
266 952 302 1016 in
319 952 404 1016 vilia.

53 1075 70 1123 2
177 1058 263 1125 Illud
292 1081 420 1144 quoque
452 1056 573 1143 cogita,
604 1056 793 1121 iniuriarum
820 1056 976 1122 letissime
1005 1063 1120 1144 patero

89 1150 255 1214 materiam
278 1150 315 1212 ira
336 1148 401 1212 sslis
429 1169 487 1231 per
509 1167 590 1229 quae
612 1146 791 1231 periculum
813 1145 907 1211 nobis
931 1147 1176 1231 quaesitumo¹

89 1242 151 1316 est,
173 1242 211 1302 ut
234 1240 418 1302 accusatore
441 1235 600 1300 submisso
624 1238 681 1300 aut
707 1234 929 1301 criminatione
952 1236 1039 1302 falsa
1063 1242 1120 1304 aut
1174 1284 1176 1295 ·

89 1327 222 1390 irritatis
251 1326 287 1390 in
315 1346 375 1389 nos
403 1324 622 1408 potentiorum
650 1323 732 1389 odiis
763 1346 907 1409 quaeque
939 1323 1005 1390 alia
1033 1326 1120 1393 inter
1174 1358 1176 1407 Ι

89 1419 218 1501 togatos
241 1414 411 1479 latrocinia
433 1417 516 1478 sunt.
553 1417 602 1478 est
624 1417 657 1478 et
679 1413 736 1478 illa
757 1413 876 1478 iniuria
897 1413 1069 1501 frequens,
1091 1416 1119 1482 si

89 1505 216 1568 lucrum
237 1502 334 1568 alicui
352 1524 521 1568 excussum
540 1507 589 1568 est
607 1506 663 1567 aut
675 1502 854 1587 praemium
869 1502 925 1567 diu
938 1508 1119 1590 captatum,
1174 1464 1176 1579 i

90 1592 119 1657 si
136 1614 254 1678 magno
273 1592 382 1657 labore
401 1591 559 1657 adfectata
576 1592 735 1656 hereditas
758 1613 869 1656 aversa
891 1594 940 1657 est
963 1595 997 1657 et
1022 1615 1118 1679 quao-
1132 1613 1150 1654 a
1174 1582 1176 1737 Ι

90 1686 218 1746 stuosae
242 1681 356 1747 domus
379 1682 484 1767 gratia
506 1684 622 1764 erepta
663 1680 742 1746 haec
765 1681 878 1766 effugit
901 1681 1032 1765 sapiens
1061 1684 1119 1769 qui
1174 1752 1176 1763 ,

54 1771 192 1837 suescit
219 1793 279 1836 nec
301 1770 336 1835 in
358 1792 448 1856 spem
470 1770 587 1836 necin
609 1774 731 1834 metum
754 1771 868 1835 vivere.
915 1769 1006 1836 adice
1029 1794 1118 1839 nunc

90 1861 177 1943 quod
198 1860 350 1925 iniuriam
370 1882 466 1926 nemo
485 1861 609 1924 inmota
631 1863 738 1924 mente
757 1859 887 1942 accipit,
910 1858 964 1924 sed
984 1860 1029 1926 ad
1048 1883 1118 1929 sen·

89 1970 161 2014 sum
191 1952 258 2016 eius
288 1951 507 2036 perturbatur,
537 1954 624 2015 caret
655 1953 763 2014 autem
795 1948 1040 2033 perturbatione
1068 1951 1119 2017 vir

89 2044 216 2125 ereptus
239 2041 414 2124 erroribus,
446 2040 630 2104 moderator
652 2037 717 2120 sui,
746 2038 829 2102 altae
853 2036 969 2121 quietis
993 2042 1030 2104 et
1050 2040 1118 2126 pla·
1131 2060 1151 2101 n

89 2128 186 2192 cidae.
230 2153 306 2194 nam
338 2130 367 2194 si
398 2129 503 2214 tangit
530 2130 623 2192 iilum
650 2126 782 2210 iniuria,
813 2130 846 2192 et
868 2130 977 2191 movet
1000 2132 1037 2193 et
1060 2130 1118 2196 im·

88 2216 194 2300 pellit,
225 2222 311 2282 earet
338 2221 446 2282 autem
468 2218 517 2281 ira
539 2217 679 2300 sapiens,
707 2238 804 2300 quam
831 2215 950 2280 excitat
976 2215 1118 2285 iniuriae

89 2306 225 2389 species,
246 2328 306 2371 nec
329 2307 422 2370 aliter
445 2309 565 2370 careret
587 2306 636 2369 ira
653 2305 717 2369 nisi
730 2309 762 2369 et
780 2304 911 2389 iniuria,
934 2327 1036 2389 quam
1057 2310 1119 2377 scit

89 2394 151 2459 sibi
177 2416 244 2458 non
273 2416 368 2478 posse
398 2394 477 2458 fieri.
521 2392 596 2458 inde
623 2398 690 2458 tam
718 2398 840 2459 erectus
864 2395 1035 2478 laetusque
1060 2402 1118 2483 eat,

88 2484 162 2548 inde
186 2485 340 2549 continuo
363 2483 481 2569 gaudio
501 2484 618 2563 elatus3
636 2484 715 2548 adeo
735 2486 842 2548 autem
859 2482 899 2548 ad
918 2483 1117 2553 offensiones
1132 2504 1153 2547 s

89 2595 197 2637 rerum
214 2572 448 2656 hominumque
465 2594 532 2637 non
550 2571 765 2656 contrahitur,
782 2577 820 2637 ut
837 2573 908 2656 ipsa
926 2572 976 2636 illi
994 2573 1118 2642 iniuria

89 2663 163 2726 usui
186 2662 241 2746 sit,
264 2684 322 2746 per
344 2684 442 2746 quam
465 2661 719 2746 experimentum
738 2661 788 2726 sui
807 2662 894 2746 capit
911 2665 944 2726 et
956 2660 1118 2732 virtutem

53 2771 70 2817 4
88 2754 234 2835 temptat.
266 2752 445 2835 faveamus,
468 2752 599 2816 obsecro
614 2772 687 2835 vos,
704 2750 781 2815 huic
799 2749 967 2835 proposito
988 2756 1118 2839 aequis-

179 2981 195 3034 1
213 2980 324 3048 hyemis
338 2981 366 3035 A
389 2979 400 3052 Η
425 2980 440 3034 7
460 2979 628 3033 adnumerat
645 2991 664 3032 ς
682 2979 869 3033 adnumerant
883 2980 911 3034 A
928 2977 940 3053 ss
957 2977 975 3033 8
993 2980 1027 3034 in
1045 2983 1118 3038 vilia

90 3052 210 3122 Medeia
227 3052 328 3105 invitia
342 3053 370 3106 A
388 3052 419 3105 in
436 3051 541 3105 vicinia
560 3052 610 3119 (oei
624 3051 654 3104 in
667 3050 770 3119 ricino)
785 3050 922 3105 Schultess
945 3049 1034 3106 inrito
1051 3056 1117 3125 (·te)

89 3124 214 3178 Karsten
239 3122 370 3191 <sine>
391 3122 496 3177 iniuria
517 3123 658 3178 Rosobaot
681 3121 691 3194 ΙΙ
715 3122 878 3177 devertis
900 3119 974 3174 Illud
999 3140 1117 3196 quoque

91 3195 173 3251 Gertz
191 3211 251 3264 cap.
267 3196 317 3249 IX
333 3196 456 3250 innotuit
478 3194 489 3267 11
512 3194 549 3248 10
570 3194 602 3247 in
624 3194 689 3248 odd.
709 3194 828 3263 Modoiq
856 3192 859 3265 t
887 3192 1032 3261 quesitum
1051 3198 1083 3252 A
1106 3196 1117 3270 ΙΙ

88 3266 124 3321 12
143 3267 216 3322 odiis
235 3266 356 3336 Maricio
373 3267 457 3320 motis
476 3267 504 3321 A
523 3264 550 3390 JK)
558 3264 594 3319 14
612 3264 699 3319 alicui
716 3265 785 3335 coto.
806 3264 906 3331 alicui;
926 3271 964 3332 (a
977 3264 1116 3340 alicuius)

89 3338 117 3392 A
141 3337 153 3411 Η
179 3339 214 3393 19
238 3339 284 3391 uir
309 3339 418 3391 erectus
444 3352 531 3392 errori
550 3354 584 3391 us
609 3336 772 3391 moderatur
795 3336 853 3389 suis
876 3337 905 3391 A
932 3352 1003 3392 corr.
1030 3338 1117 3395 Gesta

89 3417 213 3465 onomate
222 3411 370 3480 Modciyio
384 3410 506 3478 (ereptus
517 3408 703 3462 smoderator
717 3408 761 3461 sui
773 3424 824 3462 om.
835 3405 976 3461 erroribus
984 3410 1097 3482 Mseret)
1106 3410 1117 3485 ΙΙ

89 3479 124 3533 21
138 3479 261 3548 impellit
274 3483 393 3551 Bentley
405 3481 526 3550 impedit
535 3481 563 3535 A
576 3479 586 3552 Η
603 3479 639 3533 23
653 3481 731 3534 caret
744 3478 786 3534 A¹
800 3494 867 3532 corr.
878 3496 906 3533 m
922 3478 966 3552 21!
977 3478 1016 3535 24
1028 3498 1115 3551 posse

83 3555 105 3601 ῆ
121 3550 186 3604 neri
197 3553 226 3606 A
245 3569 313 3608 corr,
329 3553 398 3626 colq.
416 3552 429 3629 Η
446 3552 481 3609 28
500 3551 658 3628 piroposito
675 3550 761 3620 A‘tti
771 3549 897 3619 ‘siponto
914 3548 952 3601 Ax
