2400 3840
462 134 668 190 PRAEFATIO
1007 135 1073 189 XIII

54 286 195 346 milandis
214 286 324 347 codicis
343 286 578 347 inconstantiam
600 288 719 346 secutus
743 288 886 360 sumita,
909 288 957 360 ut,
984 285 1037 344 ubi
1056 282 1070 341 1

54 376 199 452 scriptum
231 379 297 436 erat
327 395 381 435 nec
412 376 561 452 liquebat,
592 377 696 434 utrum
726 377 760 434 ta
790 395 830 435 an
860 377 903 434 tm
931 375 1071 434 librarius

54 465 144 526 scribi
166 465 323 540 voluisset,
350 467 392 523 c'm
419 467 489 524 ante
513 467 529 524 b
552 483 624 539 rap
648 484 716 524 cum
738 463 857 524 Gertzio
883 465 1072 541 praeferrem,

52 555 127 613 item
149 549 181 614 cd
204 555 237 613 in
260 572 335 629 com,
358 553 410 614 sed
434 550 450 611 ἑ
471 573 588 630 semper
609 554 642 612 in
664 571 718 613 con
739 555 893 614 solverem.

143 643 188 702 De
221 643 371 702 codicibus
404 643 599 702 deterioribus
628 634 674 724 (ς)
702 662 763 702 non
792 643 887 702 habeo
920 642 1000 718 quod
1030 641 1108 701 eiss

53 731 176 808 addam,
202 752 279 809 quae
300 731 388 792 Gertz
410 734 444 792 in
465 733 559 809 praef.
578 732 648 791 edit.
671 751 744 792 suae
767 734 798 792 et
819 732 852 791 in
869 732 948 791 Berl.
962 731 1071 790 Philol.

52 821 262 882 Wochenschr.
275 823 359 881 1889
379 842 408 898 p.
420 823 483 882 372
494 841 538 897 sq.
553 824 584 881 et
597 841 692 898 nuper
708 821 808 880 Hense
826 823 860 880 in
877 822 970 898 praef.
986 822 1071 896 epist.

54 911 183 970 Senecae
202 932 232 988 p.
245 911 329 969 XXV
343 929 386 986 sq.
401 913 433 970 et
445 909 572 969 XXXVI
590 930 634 986 sq,
653 910 815 987 prudenter
836 910 1071 987 disputaverunt

53 999 205 1061 codicibus
229 1000 276 1058 his
298 1000 498 1059 multifariam
521 1000 668 1075 corruptis
692 1001 783 1076 atque
804 999 995 1075 interpolatis
1017 1018 1072 1058 nos

52 1092 85 1148 111
115 1089 322 1149 emendatione
352 1089 440 1166 plane
470 1107 570 1148 carere
599 1107 659 1147 non
689 1107 775 1164 posse
805 1089 854 1148 vel
882 1107 962 1148 unus
989 1088 1071 1147 locus

53 1179 166 1238 clamat
193 1170 235 1260 (p.
253 1179 325 1254 118,
337 1172 385 1260 3),
416 1197 476 1254 quo
507 1178 567 1237 duo
595 1177 687 1238 verba
716 1180 794 1237 certe
822 1178 966 1255 genuina,
996 1196 1072 1252 quae

52 1269 85 1326 in
116 1267 147 1327 A
178 1286 239 1326 non
269 1268 425 1346 leguntur,
460 1268 493 1325 in
524 1265 675 1326 codicibus
707 1267 921 1327 recentioribus
953 1268 1072 1326 servata

52 1359 131 1417 sunt.
176 1357 254 1416 illud
278 1376 397 1434 quoque
420 1356 639 1416 concedendum
662 1358 708 1415 est
728 1357 810 1415 haud
832 1375 901 1415 raro
923 1374 981 1431 eos,
1005 1375 1073 1414 cnm

52 1448 85 1506 in
112 1446 301 1525 gravioribus
328 1446 444 1506 mendis
472 1465 540 1504 cum
561 1445 760 1505 Ambrosiano
787 1445 849 1505 iere
875 1444 1071 1519 consentiant,

52 1537 85 1595 in
115 1535 278 1596 levioribus
304 1536 429 1594 meliora
456 1536 629 1595 servavisse.
680 1553 734 1594 nec
760 1537 863 1594 tamen
888 1534 958 1594 inde
984 1534 1072 1594 colle·

53 1625 149 1701 gerim
176 1625 272 1683 denuo
301 1644 350 1684 eos
378 1627 410 1684 et
437 1625 607 1684 accuratius
634 1625 670 1681 ut
693 1643 709 1683 e
731 1625 865 1701 pleniore
892 1642 927 1682 ac
952 1624 1072 1700 puriore

53 1714 137 1770 fonte
151 1713 301 1771 derivatos
316 1712 545 1787 perscrutandos
565 1731 637 1771 esse.
671 1712 739 1788 quis
759 1713 838 1772 enim
857 1731 931 1789 opus
950 1714 1073 1789 plenum

54 1799 149 1858 taedii
172 1801 263 1874 atque
287 1801 369 1859 aleae
393 1801 551 1877 suscipiat,
579 1820 646 1859 cunr
669 1801 801 1860 fructum
823 1802 925 1861 labore
948 1802 1072 1879 dignum

55 1908 123 1947 eum
153 1890 364 1965 percepturum
392 1889 530 1965 improba
559 1908 626 1965 spes
657 1888 717 1948 sit?
748 1909 845 1965 neque
874 1890 953 1949 enim
981 1890 1072 1967 scrip·

53 1981 140 2037 turae
161 1977 232 2036 illae
256 1977 472 2039 emendatiores
497 1978 530 2036 in
552 1997 614 2037 uno
638 1978 770 2037 alterove
794 1978 894 2037 codice
915 1978 1072 2038 inveniun-

52 2070 117 2142 tur,
144 2068 197 2127 sed
224 2086 279 2144 per
305 2069 417 2127 multos
444 2067 537 2127 libros
556 2066 707 2142 dispersae
730 2069 813 2142 sunt,
836 2087 890 2126 nec
913 2070 977 2126 tarn
994 2067 1072 2126 diffi-

53 2156 123 2216 ciles
153 2158 224 2217 sunt
251 2157 391 2231 inventu,
420 2159 457 2217 ut
485 2158 549 2216 veri
578 2157 723 2216 dissimile
760 2158 801 2216 sit
827 2157 977 2217 exstitisse
999 2157 1072 2217 olim
1110 2176 1114 2181 ·

52 2246 186 2306 homines
205 2246 326 2323 linguae
344 2247 457 2306 latinae
475 2248 539 2305 tarn
559 2244 681 2323 peritos,
703 2247 739 2304 ut
756 2245 906 2323 simplices
924 2246 1073 2305 scribendi
1137 2282 1140 2288 ·

54 2354 166 2396 errores
193 2336 298 2394 tollere
326 2338 456 2412 possent.
483 2337 515 2394 in
536 2354 647 2413 magno
667 2337 768 2395 autem
786 2335 921 2395 codicum
944 2334 1072 2394 Senecae

53 2443 177 2482 numero
200 2423 291 2485 libros
315 2425 387 2486 olim
409 2425 502 2485 fuisse
523 2425 657 2485 melioris
679 2427 768 2484 notae
786 2426 900 2501 plures,
924 2443 939 2483 a
963 2424 1071 2501 quibus

53 2512 149 2572 bonae
172 2514 241 2573 illae
264 2515 405 2573 lectiones
428 2512 491 2590 peti
513 2515 649 2591 possent,
671 2534 732 2573 non
751 2514 913 2573 admodum
932 2513 1071 2573 credibile

53 2600 180 2661 videtur.
212 2605 374 2679 utcumque
396 2622 444 2662 res
467 2621 530 2662 sese
553 2603 657 2678 habet,
680 2603 719 2662 ad
742 2603 927 2662 emendanda
946 2602 1070 2661 Ambro-

53 2689 132 2749 siani
155 2690 246 2750 verba
269 2712 305 2750 ex
326 2691 374 2750 his
397 2692 547 2751 codicibus
570 2692 669 2750 multa
691 2692 804 2750 lucrari
825 2710 879 2750 nos
902 2710 989 2768 posse
1011 2711 1072 2750 ncn

53 2778 236 2839 crediderim.
290 2782 394 2857 itaque
431 2801 467 2839 ex
503 2782 653 2857 apparatu
689 2782 824 2857 priorum
856 2781 1004 2840 editorum
1036 2799 1072 2840 ea

52 2870 174 2927 tanturn
206 2869 312 2948 selegi,
344 2889 422 2946 quae
451 2869 542 2929 utilia
571 2889 635 2930 esse
665 2870 856 2946 videbantur,
888 2889 943 2929 nec
972 2871 1071 2947 sprevi

53 2975 131 3034 quae
159 2957 247 3018 Gertz
270 2977 305 3016 ex
331 2959 416 3018 libris
441 2962 530 3018 antea
560 2958 673 3038 ignotis
705 2959 817 3019 attulit.
862 2962 892 3017 et
920 2959 953 3018 in
985 2958 1070 3018 libris

53 3046 175 3124 quidem
204 3047 241 3108 de
269 3048 316 3106 ira
345 3049 465 3125 scriptis
494 3049 605 3108 multas
633 3050 775 3109 lectiones
803 3048 912 3108 codicis
939 3047 1070 3106 Lauren·

52 3135 131 3195 tiani
153 3128 211 3216 (L)
237 3138 339 3212 76,32
364 3156 439 3197 saec.
454 3137 514 3196 XII
536 3139 586 3199 vel
607 3136 682 3196 XIII
709 3137 879 3212 adnotavit,
906 3137 977 3196 libri
1000 3154 1070 3194 sane
1089 3137 1116 3190 L

52 3226 245 3304 neglegenter
272 3227 377 3303 scripti
400 3229 431 3286 et
451 3227 576 3286 licenter
598 3226 786 3304 interpolati,
812 3226 845 3284 in
869 3224 1070 3285 consolatione

53 3316 156 3373 autern
179 3315 218 3374 ad
239 3315 385 3375 Marciam
412 3316 475 3375 cod.
498 3316 666 3375 Florentini
689 3308 765 3398 (F),
793 3314 936 3374 Laurent.
957 3315 1071 3389 7141,
1089 3314 1120 3368 F

53 3422 129 3463 saec.
143 3404 208 3479 XV,
232 3424 290 3480 quo
319 3405 422 3464 eodem
447 3405 478 3463 in
501 3405 606 3481 primis
625 3405 771 3481 capitibus
795 3403 1008 3465 consolationis
1033 3403 1071 3462 ad

52 3492 214 3569 Polybium
236 3495 365 3570 scriptae
388 3513 458 3554 usus
483 3497 535 3554 est.
