2400 3840
364 190 413 246 DE
431 191 495 245 IRA
514 190 580 245 LIB.
595 189 642 245 III.
670 189 746 246 GAP.
763 195 787 246 ⁵1.
802 195 819 245 8
837 198 839 202 ’
1037 193 1100 258 117

83 338 111 404 si
139 338 256 403 videris
288 337 372 402 feras
400 358 527 420 quoque
559 336 710 402 convictu
739 339 850 401 nostro
882 342 1101 402 mansuescere

81 428 228 511 nullique
255 426 352 491 etiam
378 425 511 490 immani
538 425 659 490 bestiae
685 426 753 490 vim
784 447 876 490 suam
907 447 1101 509 permanere,

82 517 111 582 si
145 515 286 581 hominis
318 515 563 581 contubernium
601 515 657 578 diu
693 536 788 598 passa
823 518 884 580 est:
920 515 1102 580 retunditur

82 605 187 670 omnis
220 604 374 688 asperitas
406 603 626 688 paulatimque
653 603 738 668 inter
763 604 891 688 placida
920 603 1101 670 dediscitur.

50 694 205 760 saccedit
226 694 305 777 huo,
328 693 415 776 quod
437 715 504 757 non
526 696 654 758 tantum
677 693 825 777 exemplo
848 692 963 758 melior
983 693 1023 757 fit
1046 694 1103 778 qui

81 806 156 849 cum
175 782 291 866 quietis
314 781 500 848 hominibus
518 781 607 866 vivit,
631 781 687 847 sed
705 781 792 865 quod
810 802 922 847 causas
945 782 1102 847 nascendi

80 894 148 937 non
174 872 298 936 invenit
324 893 385 937 nec
406 871 523 935 vitium
552 893 645 936 suum
673 874 806 936 exercet.
854 870 966 956 fugere
992 872 1102 955 itaque

82 960 211 1026 debebit
237 961 341 1026 omnis
365 982 446 1045 quos
468 959 656 1026 imitaturos
679 959 878 1026 iracundiam
900 960 986 1025 sciet.
1033 959 1137 1043 ‘quis

82 1049 173 1115 sunt'
196 1049 303 1134 inquis
327 1049 435 1115 ‘istil’
458 1050 553 1114 multi
572 1071 612 1114 ex
629 1049 726 1115 variis
745 1050 850 1114 causis
868 1048 954 1114 idem
972 1049 1102 1114 facturi:

36 1139 222 1205 reoffendat
262 1142 294 1204 te
333 1139 490 1223 superbus
529 1142 729 1224 contemptu,
769 1139 862 1204 dicax
899 1137 1101 1221 contumelia,

81 1229 230 1312 petulans
244 1228 371 1312 iniuria,
384 1228 503 1293 lividus
517 1228 727 1314 malignitate,
741 1250 874 1314 pugnax
888 1226 1102 1310 contentione,

80 1322 232 1384 ventosus
260 1322 293 1383 et
319 1318 457 1383 mendax
482 1317 638 1402 vanitate3
666 1340 733 1383 non
764 1318 846 1383 feres
875 1340 894 1381 a
923 1317 1101 1401 suspicioso

80 1407 202 1491 timeri,
233 1430 252 1472 a
281 1407 443 1492 pertinace
471 1407 572 1490 vinci,
602 1430 622 1472 a
653 1407 789 1472 delicato
822 1406 968 1472 fastidiri.
1019 1405 1137 1492 eliges

81 1496 253 1581 simplices,
270 1496 390 1580 faciles,
408 1496 600 1580 moderatos,
619 1496 674 1579 qui
692 1495 773 1561 iram
791 1500 881 1561 tuam
894 1518 955 1562 nec
968 1500 1103 1560 evocent

35 1609 63 1650 ss
81 1590 114 1650 et
135 1587 254 1669 ferant3
277 1585 379 1670 magis
403 1584 509 1650 adhuc
531 1585 708 1670 proderunt
730 1585 895 1651 summissi
917 1589 949 1651 et
968 1584 1103 1650 humani

81 1678 114 1738 et
148 1674 271 1757 dulces,
306 1694 373 1737 non
407 1678 517 1738 tamen
551 1693 654 1756 usque
690 1673 725 1738 in
760 1674 992 1758 adulationem,
1026 1695 1102 1739 nam

81 1762 251 1826 iracundos
278 1761 379 1826 nimia
406 1762 584 1827 adsentatio
608 1761 754 1827 offendit:
782 1767 849 1827 erat
872 1767 957 1828 certe
980 1763 1138 1830 amicuse

81 1852 191 1914 noster
218 1850 413 1934 virbonus,
443 1850 499 1916 sed
526 1851 592 1915 irae
619 1850 803 1935 paratioris,
831 1851 883 1915 cui
905 1873 972 1916 non
999 1852 1102 1935 magis

81 1942 189 2004 tutum
202 1942 270 2004 erat
283 1939 422 2004 blandiri
436 1961 533 2023 quam
548 1940 631 2003 male
645 1939 757 2004 dicere.
786 1938 929 2003 (laelium
944 1943 1103 2004 oratorem

35 2027 179 2094 sofi1isse
216 2029 496 2094 iracundissimum
528 2031 662 2094 constat.
718 2049 792 2093 oum
824 2049 903 2112 quc,
933 2031 972 2092 ut
1003 2027 1103 2111 aiunt,

80 2119 215 2184 cenabat
232 2119 267 2183 in
285 2117 433 2184 cubiculo
452 2119 553 2183 lectae
571 2116 745 2202 patientiae
763 2117 875 2200 cliens,
897 2116 952 2182 sed
971 2115 1103 2182 difficile

80 2211 149 2273 erat
179 2208 230 2272 illi
265 2207 300 2272 in
336 2207 486 2291 copulam
518 2207 664 2272 coniecto
695 2206 799 2271 rixam
830 2206 899 2270 eius
931 2227 1004 2272 cum
1037 2228 1101 2290 quo

81 2297 270 2362 cohaerebat
283 2296 437 2381 effugere3
456 2296 616 2380 optimum
629 2295 785 2361 iudicavit
798 2294 955 2380 quidquid
969 2295 1103 2362 dixisset

81 2386 172 2470 sequi
190 2389 222 2450 et
240 2385 395 2451 secundas
414 2407 515 2470 agere.
550 2407 617 2450 non
634 2385 712 2450 tulit
726 2383 851 2449 Caelius
871 2384 1101 2450 adsentientem

35 2497 61 2538 ss
81 2478 113 2539 et
149 2474 352 2539 exclamavitt
390 2474 457 2540 ‘dic
491 2474 613 2558 aliquid
649 2478 775 2558 contra,
806 2477 844 2539 ut
875 2473 939 2539 duo
972 2473 1102 2540 eimust’

81 2563 137 2627 sed
172 2562 226 2627 ille
264 2585 406 2647 quoque,
442 2565 529 2647 quod
564 2585 631 2628 non
661 2563 864 2646 irasceretur,
899 2563 1000 2628 iratus
1036 2562 1101 2629 cito

81 2651 149 2717 sine
177 2651 357 2717 adversario
385 2653 475 2717 desit.
527 2652 683 2739 eligamus
711 2675 787 2738 ergo
816 2654 869 2717 vel
895 2653 956 2717 hos
983 2652 1136 2737 potius,7

81 2740 109 2805 si
131 2740 253 2806 conscii
273 2741 367 2806 nobis
390 2740 572 2806 iracundiae
591 2763 713 2825 sumus,
735 2742 792 2825 qui
809 2743 935 2807 vultum
953 2745 1101 2807 nostrum

80 2851 118 2894 ac
146 2851 325 2895 sermonem
353 2834 541 2914 sequantur:
568 2831 687 2896 facient
710 2832 839 2915 quidem
861 2852 922 2896 nos
948 2831 1101 2897 delicatos

34 2942 61 2981 ao
81 2922 113 2983 et
148 2919 183 2983 in
219 2920 337 2984 malam
378 2920 642 2985 consuetudinem
678 2920 831 2985 inducent
870 2919 966 2984 nihil·
989 2923 1102 2985 contra

81 3009 280 3073 voluntatem
298 3008 461 3093 audiendi,
484 3009 539 3074 sed
558 3009 701 3094 proderit
719 3009 798 3074 vitio
818 3030 876 3073 suo
895 3008 1100 3073 intervallum

81 3101 112 3160 et
140 3098 280 3181 quietem
308 3098 391 3163 dare.
437 3097 584 3164 difficiles
610 3120 737 3183 quoque
760 3102 792 3162 et
814 3097 964 3162 indomiti
986 3099 1102 3160 natura

170 3343 327 3399 dhominis
342 3345 384 3400 A⁶
401 3348 433 3400 ire
450 3363 506 3401 ras.
525 3344 653 3400 homines
671 3351 704 3400 at
719 3346 775 3400 oid.
789 3343 832 3399 A¹
860 3343 864 3416 Ι
888 3343 1099 3399 litteteras.

80 3415 150 3488 21⁶ss
172 3414 208 3470 16
227 3415 401 3499 adultionem
415 3418 443 3471 A
461 3433 530 3472 corr.
548 3416 593 3472 ool
613 3459 618 3471 .
675 3415 711 3470 28
729 3417 848 3470 cohaere
869 3417 900 3469 at
919 3414 1003 3470 Gertz
1021 3414 1109 3482 bexa-

80 3486 132 3541 bat
145 3487 174 3541 A
195 3486 207 3558 ll
227 3486 262 3542 27
282 3487 356 3541 deest
369 3488 398 3542 A
417 3487 479 3542 -siit
495 3488 565 3558 oolp.
588 3433 639 3562 llll
676 3485 814 3542 difficiles
830 3528 838 3541 .
855 3527 862 3540 .
879 3527 886 3542 .
903 3484 1024 3540 ,tereus
1038 3481 1134 3532 (sema

81 3556 206 3626 difficilis
221 3599 227 3612 .
243 3599 248 3611 .
264 3600 270 3612 .
287 3600 292 3612 .
308 3557 456 3614 feretAL
