2400 3840
218 195 269 249 AD
288 193 503 250 GALLIONEM
520 194 570 249 DE
588 193 678 249 VITA
694 195 818 249 BEATA
837 193 914 250 CAP.
929 200 954 251 3.
969 201 987 250 4
1048 199 1112 264 199

93 363 153 426 pro
175 341 255 425 illis,
277 362 358 426 quae
381 362 481 425 parva
498 361 536 406 ac
553 339 681 425 fragilia
699 344 774 405 sunt
792 344 824 406 et
841 340 920 425 ipsis
938 341 963 425 †
980 341 1112 426 flagitiis

93 430 202 515 noxia,
225 430 339 516 ingens
363 430 516 516 gaudium
540 429 639 509 subit,
665 429 892 495 inconcussum
915 434 948 496 et
970 432 1112 516 aequale,

93 524 163 586 tum
190 542 255 604 pax
281 522 315 585 et
344 519 515 584 concordia
537 518 637 583 animi
659 523 692 584 et
714 519 903 604 magnitudo
927 541 1000 585 cum
1025 543 1119 585 man-2

93 609 275 692 suetudine;
299 608 403 673 omnis
428 607 513 672 enim
536 630 577 672 ex
598 607 786 672 infirmitate
808 608 918 673 feritas
943 613 1000 674 cst.

61 718 74 759 1
181 697 238 763 IV.
274 697 386 762 Potest
409 696 502 762 aliter
524 717 653 780 quoque
671 697 797 761 definiri
815 697 938 762 bonum
954 701 1148 782 nostrum,1

92 787 126 852 id
158 790 207 852 est
236 786 346 850 eadem
376 785 534 851 sententia
562 808 630 851 non
656 785 758 851 isdem
788 787 963 870 conprendi
995 788 1111 852 verbis.

93 875 365 1027 quodnadmodum
374 875 481 1030 tdidm
508 875 686 1029 8elrfiorssplirtust
703 875 800 1028 mondo
830 875 927 940 latius
959 877 1113 1028 panditpr

93 985 373 1051 moornangus
468 985 506 1030 co
558 987 577 1028 a
654 987 749 1029 eau
786 985 1113 1030 mcornuasmuaa

93 1054 199 1119 media
225 1058 316 1138 parte
344 1057 496 1119 curvatur
522 1057 579 1118 aut
605 1056 692 1118 recta
713 1053 821 1118 fronte
844 1054 1036 1138 explicatur,
1062 1054 1112 1119 vis

48 1165 74 1205 ro
93 1143 155 1226 illi,
186 1146 361 1228 utcumque
392 1143 557 1209 ordinatus
587 1146 650 1225 est,
681 1142 792 1208 eadem
822 1145 871 1208 est
900 1146 933 1207 et
961 1144 1112 1207 voluntas
1151 1171 1155 1206 ·.

93 1254 151 1318 pro
186 1233 306 1298 eisdem
339 1233 485 1317 partibus
519 1231 638 1296 standi:
672 1231 718 1296 ita
753 1231 858 1297 finitio
888 1232 1007 1297 summi
1034 1231 1113 1296 boni

94 1322 171 1387 alias
202 1322 338 1387 diffundi
367 1325 474 1406 potest
504 1324 537 1386 et
566 1321 743 1406 exporrigi,
772 1322 851 1386 alias
875 1321 986 1408 colligi
1018 1325 1050 1385 et
1078 1321 1113 1384 in

94 1433 127 1476 se
151 1412 231 1498 cogi.
268 1411 354 1477 idem
374 1410 483 1495 itaque
502 1409 576 1494 erit,
599 1410 627 1474 si
644 1411 768 1475 dixero:
792 1410 971 1476 ‘summum
990 1409 1148 1475 bonuma

94 1505 143 1566 est
165 1502 290 1566 animus
313 1500 448 1565 fortuita
467 1499 661 1583 despiciens,
682 1500 802 1564 virtute
819 1499 939 1564 laetus'
958 1502 1027 1564 aut:
1051 1499 1112 1563 ‘in-

48 1590 179 1655 revicta
209 1589 258 1654 vis
288 1588 401 1671 animi,
430 1588 533 1672 perita
562 1611 682 1670 rerum,
713 1588 840 1672 placida
870 1589 906 1653 in
935 1592 1010 1654 actu
1038 1609 1112 1654 cum

92 1678 294 1742 humanitate
316 1679 420 1741 multa
443 1680 476 1741 ot
498 1677 757 1742 conversantium
781 1676 877 1742 cura'
913 1677 990 1743 licet
1013 1681 1045 1741 ot
1067 1677 1113 1741 ita

93 1767 199 1849 finire,
227 1769 264 1831 ut
286 1765 417 1830 beatum
439 1766 583 1829 dicamus
605 1765 771 1830 hominem
794 1788 882 1848 eum,
910 1766 962 1830 cui
985 1766 1113 1835 nullum

93 1855 215 1919 bonum
251 1855 436 1936 malumque
473 1855 516 1918 sit
546 1853 610 1918 nisi
641 1854 746 1918 bonus
777 1855 945 1937 malusque
977 1854 1114 1936 animus,

92 1944 221 2008 honesti
255 1944 426 2026 cultorem,
456 1943 576 2008 virtute
608 1945 809 2026 contentum,
842 1965 937 2026 quom
970 1962 1030 2006 noc
1062 1963 1114 2005 ex-

48 2054 75 2095 ao
92 2033 211 2098 tollant
232 2032 367 2098 fortuita
383 2053 443 2097 nec
460 2032 627 2118 frangant,
650 2031 706 2115 qui
722 2032 850 2096 nullum
869 2031 972 2096 maius
990 2031 1113 2095 bonum

94 2144 131 2188 co
152 2121 238 2206 quod
256 2122 319 2187 sibi
337 2122 406 2205 ipsc
425 2121 501 2186 dare
518 2124 627 2205 potest
644 2120 785 2205 noverit,
803 2121 855 2185 cui
873 2142 949 2184 vera
962 2120 1113 2203 voluptas

93 2212 155 2278 erit
183 2213 388 2296 voluptatum
422 2210 627 2294 contemptio.
679 2209 769 2293 licet,
806 2209 833 2274 si
864 2208 992 2295 evagari
1023 2209 1149 2293 relisa

92 2301 178 2366 idem
209 2301 244 2365 in
276 2301 372 2365 aliam
402 2302 499 2385 atque
532 2299 628 2364 aliam
659 2298 775 2364 faciem
808 2299 897 2364 salva
926 2301 959 2363 et
987 2297 1114 2384 integra

93 2392 252 2474 potestate
280 2389 467 2473 transferre3
500 2387 578 2473 quid
608 2388 693 2453 enim
722 2387 872 2472 prohibet
898 2409 958 2453 nos
985 2388 1121 2453 beatam⁴

48 2498 75 2540 11
93 2479 195 2543 vitam
217 2479 320 2544 dicere
342 2479 480 2544 liberum
504 2478 647 2543 animum
668 2481 701 2542 et
720 2480 861 2542 erectum
880 2481 912 2541 et
930 2477 1113 2542 interritum

94 2588 132 2633 ac
155 2567 317 2650 stabilem,
339 2571 429 2633 extra
451 2570 589 2651 metum,
612 2570 703 2631 extra
726 2566 937 2650 cupiditatem
959 2565 1114 2650 positum,

94 2655 147 2722 cui
169 2678 270 2721 unum
288 2657 411 2721 bonum
429 2656 472 2721 sit
488 2655 653 2739 honestas,
676 2678 777 2720 unum
796 2655 917 2720 maium
934 2654 1114 2739 turpitudo,

94 2749 199 2811 cetera
217 2744 290 2811 vilis
308 2745 405 2810 turba
421 2767 529 2811 rerum
547 2766 607 2810 nec
625 2744 794 2809 detrahens
815 2745 987 2829 quicquam
1000 2745 1113 2809 beatae

92 2835 179 2900 vitae
209 2855 270 2899 nec
299 2833 453 2916 adiciam,
482 2834 551 2899 aine
581 2837 678 2899 auctu
708 2855 745 2899 ac
775 2833 966 2898 detrimento
994 2833 1114 2898 summi

182 2991 247 3064 1111
264 2992 333 3060 ipsis
347 2990 465 3060 flagitiis
479 2989 642 3060 (ecflagitis
656 3006 725 3046 corr.
739 2990 803 3057 fort.
818 2991 890 3060 11111
905 2990 990 3044 noxia
999 2991 1027 3045 A
1041 2989 1114 3058 qood

93 3063 130 3117 E.
144 3064 312 3119 Itomooitc
320 3062 443 3130 descedit
451 3061 610 3132 atflagitiis
621 3078 674 3131 pro
683 3061 832 3132 flagitiosis
841 3062 973 3130 scopam
985 3077 1040 3116 csse
1049 3076 1113 3115 coo-

92 3135 195 3190 111111.
214 3135 262 3190 aed
270 3150 422 3204 proraomco
435 3133 505 3203 ipsis
519 3150 600 3189 sensu
613 3150 720 3189 cascum
733 3149 788 3188 eoae
804 3133 885 3188 Gertz
898 3138 967 3188 recto
980 3137 1070 3186 monet
1084 3133 1113 3185 ct

92 3206 156 3289 ipsa
168 3205 212 3289 sui
219 3204 335 3290 fastidio
345 3204 467 3290 obnoxia
475 3205 557 3291 (icccc
567 3206 599 3290 et
601 3205 671 3274 ipsis
673 3202 872 3287 flagitantibus
882 3203 967 3326 agria
977 3202 1113 3284 Schultess

93 3276 657 3430 1111111111111111111
670 3273 1113 3472 1111111111111

93 3417 129 3472 ld
147 3418 214 3474 licat
232 3420 352 3489 Madcip
369 3425 395 3475 et
413 3419 496 3475 Gesta
513 3365 584 3474 hiet
597 3419 626 3473 A
647 3418 658 3490 d
697 3417 715 3472 9
736 3417 884 3483 cultorem,
903 3434 928 3471 v.
948 3418 1110 3471 contentum

94 3490 214 3561 Mudoip
232 3490 330 3546 cultor.
357 3491 465 3545 uirtute
484 3491 631 3545 contentus
645 3489 674 3544 A
686 3487 699 3562 11
714 3487 751 3542 21
764 3488 821 3544 erit
836 3489 865 3542 A
874 3487 918 3540 sit
925 3487 1136 3547 Weseuhorux

95 3561 238 3617 contentio
252 3561 294 3616 A¹
307 3577 375 3618 corr.
390 3560 456 3635 ²1⁶d
469 3560 505 3618 11
519 3560 630 3618 adicies
645 3560 688 3619 Ar
703 3577 778 3618 corr.
788 3557 830 3616 A*
846 3558 953 3613 deado
964 3551 1101 3607 asceaco
1115 3545 1151 3594 1¹2³
