2400 3840
88 202 132 267 42
292 198 323 253 1..
338 196 480 252 ANNAEI
499 196 663 253 SENECAE
681 197 776 254 omn.
790 196 858 253 LIB.
872 196 907 252 11.

88 344 116 409 si
146 344 209 409 hoc
236 344 344 428 potuit
370 340 425 408 ille
457 343 576 408 duritia
602 345 682 429 oris,
713 343 769 427 qui
796 342 933 409 assiduis
957 342 1120 409 conviciis

87 433 206 517 pudere
230 433 437 518 dedidicerat,
459 454 517 499 our
539 434 567 498 is
589 455 656 497 non
678 433 794 517 possit,
817 432 874 516 qui
897 431 1019 498 studiis
1041 432 1122 498 liba-

88 523 208 588 ralibus
236 526 269 587 et
291 523 466 605 sapientiae
489 523 579 588 cultu
602 522 643 586 ad
665 522 805 606 aliquem
832 521 1023 605 profectum
1050 542 1122 606 par

52 628 69 673 4
88 611 232 676 venerit?
273 611 363 677 adice
387 611 473 695 quod
496 633 597 697 genus
620 611 754 676 ultionis
777 613 825 676 est
848 610 973 693 eripere
998 610 1048 694 ei,
1066 608 1123 695 qui

88 700 178 783 feeit,
205 700 308 766 factae
332 701 545 766 contumeliae
567 700 782 783 voluptate1n3
810 700 914 764 solent
938 698 1068 765 dicere:
1091 698 1122 763 ‘o
1147 716 1155 755 ι

88 789 240 854 miserum
264 790 329 854 mel
374 793 469 873 puto,
489 811 557 854 non
580 787 763 853 intellexit':
786 787 865 852 adeo
888 787 1022 854 fructus
1047 809 1123 854 con·

88 878 238 943 tumeliae
260 879 296 943 in
318 901 414 944 sensu
437 882 468 942 et
491 878 712 963 indignatione
734 877 885 961 patientis
909 880 969 942 est.
1006 875 1124 943 deinde

88 988 155 1031 non
177 966 259 1032 derit
281 968 331 1032 illi
355 967 527 1050 aliquando
551 988 624 1051 par,
646 967 826 1031 invenietur
849 964 906 1049 qui
928 969 963 1030 te
989 988 1124 1051 quoque

88 1055 236 1122 vindicet.
278 1059 282 1065 '

54 1160 67 1207 1
177 1143 295 1210 XVIH.
321 1143 354 1208 O.
381 1141 496 1209 Caesar
527 1145 611 1208 inter
643 1147 747 1209 cetera
778 1143 873 1226 vitia,
906 1143 1034 1226 quibus
1074 1144 1126 1210 ab
1139 1162 1157 1201 ιι

87 1234 243 1317 undabat,
270 1232 522 1298 contumeliosus
549 1233 632 1296 mira
658 1231 791 1296 libidine
817 1229 985 1296 ferebatur
1018 1234 1126 1299 omnis

88 1322 197 1404 aliqua
225 1325 304 1385 nota
333 1320 483 1403 feriendi,
510 1322 579 1403 ipse
608 1321 845 1385 materiariam
868 1321 1126 1406 benignissima:

88 1412 180 1472 tanta
201 1409 251 1473 illi
269 1409 403 1493 palloris
422 1409 579 1473 insaniem
597 1410 745 1474 testantis
764 1409 901 1474 foeditas
921 1414 1012 1494 erat,
1035 1415 1128 1477 tanta

91 1497 258 1562 oculorum
282 1498 341 1562 sub
365 1497 472 1560 fronte
495 1499 573 1561 anili
594 1499 764 1562 latentium
782 1498 935 1582 torvitas,
958 1503 1062 1566 tanta
1080 1523 1128 1568 ca

89 1585 167 1669 pitia
198 1584 343 1650 destituti
372 1589 405 1649 et
435 1586 684 1651 emendicaticiis
712 1585 837 1670 capillis
865 1589 995 1670 aspersi
1022 1589 1159 1656 defer-1⁵

89 1675 199 1757 mitas3
231 1674 319 1740 adice
352 1675 516 1739 obsessam
547 1676 643 1739 saetis
676 1676 831 1740 cervicem
869 1679 902 1739 et
939 1678 1129 1745 exilitatem

90 1783 219 1826 anuum
242 1767 274 1828 et
297 1763 521 1828 enormitatem
539 1764 666 1848 pedum.
699 1765 880 1828 inmensum
896 1768 962 1850 est,
982 1768 1015 1832 si
1029 1770 1130 1834 velim

89 1851 217 1937 singula
239 1853 370 1936 referre,
392 1874 452 1937 per
470 1873 550 1936 quae
564 1854 599 1917 in
612 1856 759 1936 parentes
778 1872 920 1935 avosque
945 1877 1031 1923 suos
1058 1880 1131 1924 oon·

88 1941 277 2007 tumeliosus
307 1942 384 2026 fuit,
411 1963 470 2025 per
497 1942 637 2025 quaein
659 1941 824 2005 universos
849 1941 1000 2029 ordines,
1027 1968 1069 2013 oa
1087 1969 1132 2012 re

54 2029 202 2114 aierem,
226 2052 306 2114 quae
325 2032 420 2095 illum
440 2030 538 2094 exitio
557 2030 721 2094 dederunt.
753 2026 937 2095 Asiaticum
952 2030 1162 2101 Valerium⁰

89 2118 124 2181 in
146 2121 259 2200 primis
282 2121 394 2184 amicis
417 2118 570 2202 habebat,
591 2119 732 2184 ferocem
755 2118 861 2181 virum
885 2122 918 2183 et
937 2122 999 2186 vix
1026 2145 1131 2211 aequo

91 2205 198 2269 animo
229 2208 348 2272 alienas
380 2207 591 2272 contumelias
614 2207 771 2271 laturum:
798 2206 875 2271 huic
898 2209 937 2272 in
962 2215 1133 2296 convivio,

90 2292 124 2355 id
139 2296 187 2356 est
207 2295 242 2356 in
260 2296 425 2377 contione,
446 2315 525 2358 voce
544 2295 735 2377 clarissima,
767 2294 870 2377 qualis
889 2296 926 2360 in
946 2304 1134 2370 concubitu

92 2384 175 2446 esset
204 2403 288 2444 uxor
317 2383 400 2464 eius,
430 2381 554 2446 obiecit.
601 2383 635 2447 di
660 2383 753 2466 boni,
781 2383 844 2448 hoc
866 2385 983 2453 virum
1009 2393 1134 2475 audire,

91 2469 272 2552 principem
303 2470 383 2534 seire
414 2472 447 2533 et
475 2490 577 2553 usque
604 2493 642 2535 eo
664 2470 829 2535 licentiam
851 2479 1069 2566 pervenisse,
1091 2484 1165 2564 ub,¹⁵

90 2577 159 2620 non
177 2557 250 2622 dico
271 2558 447 2640 consulari,
464 2579 531 2622 non
549 2558 621 2623 dieo
641 2559 761 2642 amico,
779 2560 834 2624 sed
852 2564 991 2632 tantum
1012 2572 1135 2636 marito

92 2644 242 2729 princeps
280 2648 312 2708 et
347 2646 540 2711 adulterium
581 2668 674 2712 suum
715 2652 821 2713 narret
862 2654 896 2714 et
938 2655 1136 2726 fastidiuml

183 2826 199 2880 l
219 2826 356 2882 conuiciis
375 2829 399 2895 (s
417 2830 450 2882 ia
467 2829 535 2894 rae.)
550 2829 578 2882 A
595 2827 606 2900 ll
623 2828 640 2881 2
659 2829 834 2885 dedidicerat
851 2832 987 2907 Scaliyer
1007 2851 1039 2900 ee
1056 2846 1137 2901 Piae.

93 2897 235 2952 didicerat
255 2898 285 2952 A
310 2898 313 2970 l
339 2915 389 2952 cur
410 2899 436 2952 is
460 2914 530 2952 corr.
550 2914 583 2951 ec
606 2914 670 2971 cure
692 2907 725 2955 at
741 2903 795 2957 eid.
815 2903 858 2958 A¹
882 2903 893 2978 Η
920 2907 940 2961 8
966 2928 1086 2981 perven
1118 2916 1138 2968 't

94 2970 192 3024 Mutet
218 2971 390 3037 peruenerat
408 2970 436 3023 A
459 2967 470 3039 t
499 2966 584 3048 lost
605 2985 664 3022 ae.
679 2971 742 3025 edd.
757 2971 799 3026 A¹
816 2975 920 3032 atem
946 2978 951 3053 1
992 2983 1013 3040 5
1038 2986 1138 3043 volun·

91 3042 183 3094 tatem
197 3038 241 3095 A¹
259 3055 328 3094 corr.
343 3039 386 3094 A*⁵
407 3037 418 3110 (l
443 3037 461 3090 8
486 3036 577 3089 dcent
599 3038 695 3104 (altera
716 3058 732 3095 e
754 3060 775 3096 s.
789 3046 826 3112 o.)
845 3045 888 3100 A1
911 3048 922 3122 Η
949 2980 994 3109 it)
1015 3055 1049 3115 0.
1070 3060 1138 3130 eolp.

92 3113 125 3173 G.
145 3135 252 3188 semper
269 3119 328 3185 fere
343 3118 371 3171 A
387 3116 399 3187 l}
416 3114 451 3168 11
470 3113 545 3166 mira
558 3113 675 3172 libidine
689 3119 784 3176 Haase
802 3123 986 3188 mirabiliter
1000 3138 1033 3193 A
1053 3140 1139 3195 mira

93 3188 191 3244 biliter
213 3186 331 3241 furebat
354 3187 385 3239 in
403 3199 505 3239 o.a.n.
520 3182 658 3239 feriendos
682 3189 851 3250 Cornelissen
875 3195 886 3269 l}
916 3199 956 3257 14
983 3209 1140 3285 aniJiJsJA

95 3261 159 3328 (raa.
174 3264 193 3313 2
211 3265 265 3313 oct
283 3262 300 3312 3
319 3257 383 3322 litt.)
401 3253 466 3325 1115
486 3253 704 3311 emendicaticiis
723 3261 803 3318 Gertz
822 3270 1025 3334 emendicatis
1046 3294 1067 3337 s
1085 3284 1140 3339 efn-

95 3329 231 3383 dacieatis
246 3327 290 3382 A¹
306 3325 355 3379 uel
373 3323 516 3379 effidicitis
530 3338 552 3376 s.
562 3339 582 3376 s.
593 3325 633 3378 Α8
649 3346 651 3382 ι
673 3328 706 3382 17
724 3330 921 3396 inormitatem
936 3346 969 3401 A
989 3349 1002 3423 ΙΙ
1021 3351 1141 3410 180011.

95 3398 284 3469 sumerospus
299 3396 327 3449 A
358 3410 420 3475 aar
442 3392 464 3461 i)
482 3391 493 3463 l
511 3391 547 3474 23
562 3391 628 3476 usp
639 3397 674 3463 (=
687 3399 717 3451 id
731 3406 783 3468 esc
798 3424 860 3462 coa
883 3429 921 3468 ea
934 3415 1024 3476 ruem
1039 3426 1076 3481 a»
1089 3427 1142 3495 em

95 3482 192 3520 verace
205 3467 248 3522 A²
265 3465 277 3537 ll
294 3463 332 3518 24
349 3480 439 3516 vrrum
455 3461 555 3515 audire
569 3466 720 3535 principem
734 3474 804 3529 scire
822 3480 1066 3552 intormem
1079 3497 1141 3553 aab

86 3537 151 3588 lata
161 3536 265 3603 Gertz·
278 3551 338 3590 noa
346 3536 452 3604 probo:
469 3528 594 3589 ἰσόκωλα
608 3544 671 3593 neec
685 3547 810 3599 camenis
823 3551 943 3616 actiones
952 3568 1143 3623 emesenae
