2400 3840
64 187 106 252 66
259 184 290 237 a.
304 181 446 236 annam
464 178 628 235 sanaem
646 180 741 234 oran.
756 179 823 235 ara.
837 178 884 235 111.
937 146 941 151 ’

64 331 112 393 ira
140 329 230 393 vanis
261 332 293 392 et
319 330 409 392 extra
431 347 560 392 causam
583 325 825 391 obversantibus
848 330 1086 391 commoretur.

64 419 172 482 vultus
191 418 280 481 illam
299 416 448 498 securior,
467 437 531 480 vox
548 416 673 497 clarior,
691 436 795 480 sermo
815 414 956 497 liberior,
973 414 1086 481 cultus

65 507 243 588 delicatior,
272 505 439 570 advocatio
469 504 683 586 ambitiosior,
712 504 804 568 favor
830 504 1001 588 popularis
1031 526 1087 571 ex·

65 599 227 679 asperant3
257 617 350 678 saepe
380 594 496 659 infesta
525 597 661 677 patrono
691 614 782 658 reum
810 593 954 676 damnat;
983 594 1085 659 etiam

66 686 93 749 si
125 685 281 769 ingeritur
312 683 414 748 oculis
446 683 576 765 veritas,
609 686 695 746 amat
727 686 759 746 et
787 685 895 746 tuetur
924 703 1086 767 errorcm;
1112 704 1122 745 a

66 775 197 859 coargui
228 796 293 838 non
325 773 395 837 vult
427 777 459 836 et
491 773 524 836 in
556 772 639 835 male
671 772 794 854 coeptis
830 772 1001 836 honestior
1034 772 1086 837 illi

31 863 240 946 apertinacia
271 862 398 926 videtur
429 883 526 944 quarn
562 861 765 944 paenitentia.
821 858 876 924 Gn.
904 858 983 925 Piso
1021 860 1086 925 fuit

66 953 218 1016 memoria
239 955 350 1017 nostra
372 951 423 1013 vir
441 973 460 1013 a
478 950 589 1014 multis
612 950 699 1014 vitiis
723 951 859 1035 integer,
882 948 939 1013 scd
961 970 1085 1034 pravus

65 1045 97 1106 et
128 1042 180 1106 cui
212 1041 360 1124 placebat
391 1060 450 1123 pro
483 1039 663 1103 constantia
690 1040 785 1124 rigor.
831 1038 859 1103 is
882 1059 957 1103 cum
981 1039 1085 1105 iratus

65 1131 139 1195 duci
162 1132 308 1195 iussisset
331 1151 416 1210 eum,
440 1129 497 1211 qui
515 1149 555 1192 ex
573 1131 754 1193 commeatu
772 1127 841 1192 sine
859 1128 1085 1193 commilitone
1100 1150 1121 1191 a

65 1221 214 1301 redierat,
245 1219 336 1301 quasi
366 1216 577 1282 interfecisset
607 1238 702 1300 quern
729 1239 796 1281 non
822 1216 1012 1301 exhibebat,
1035 1240 1085 1283 ro

66 1309 156 1393 ganti
192 1312 319 1390 tempus
356 1306 487 1388 aliquod
523 1306 564 1370 ad
600 1306 853 1389 conquirendum
885 1326 954 1369 non
986 1306 1085 1373 dedit

66 1399 233 1461 damnatus
258 1399 347 1458 extra
369 1395 489 1458 vallum
512 1394 687 1478 productus
711 1399 760 1459 est
782 1398 814 1459 et
836 1395 901 1458 iam
923 1396 1086 1463 cervicem

66 1485 263 1569 porrigebat,
300 1505 373 1549 cum
406 1484 513 1549 subito
545 1485 695 1568 apparuit
728 1485 782 1548 ille
814 1483 996 1548 commilito
1030 1486 1087 1569 qui

31 1587 48 1634 4
67 1574 191 1638 occisus
214 1573 388 1637 videbatur.
434 1576 512 1638 tunc
535 1573 678 1638 centurio
700 1573 860 1656 supplicio
877 1576 1122 1657 praepositatu

67 1663 202 1727 condere
239 1662 381 1747 gladium
418 1662 649 1745 speculatorem
686 1662 787 1744 iubet,
822 1662 1014 1728 damnatum
1047 1664 1087 1729 ad

67 1751 216 1817 Pisonem
245 1752 370 1816 reducit
398 1751 579 1817 redditurus
607 1751 717 1816 Pisoni
747 1751 977 1816 innocentiam:
1009 1766 1087 1819 nam

67 1842 163 1906 militi
185 1842 315 1906 fortuna
337 1841 524 1906 reddiderat.
562 1842 686 1926 ingenti
705 1862 862 1905 concursu
881 1839 1088 1907 deducuntur

67 1931 215 2015 conplexi
245 1932 326 1995 alter
355 1931 491 1994 alterum
519 1952 593 1995 cum
620 1951 737 2015 magno
761 1929 880 2016 gaudio
902 1932 1088 1997 carnorum

67 2022 309 2086 commilitones.
346 2019 532 2085 conscendit
554 2019 696 2082 tribunal
716 2019 824 2084 furens
844 2018 919 2083 Piso
937 2039 977 2083 ac
993 2018 1089 2087 iubet
1102 2038 1125 2079 a

68 2110 141 2175 duci
170 2114 355 2193 utrumque,
385 2113 417 2173 et
444 2131 517 2173 eum
540 2109 677 2172 militem
700 2108 844 2190 quinon
867 2106 1034 2174 occiderat
1056 2112 1089 2175 et

33 2210 140 2261 ocum
163 2200 219 2281 qui
239 2220 305 2263 non
323 2199 468 2281 perierat.
507 2196 585 2280 quid
603 2198 665 2261 hoc
683 2195 869 2282 indignius?
904 2197 983 2280 quia
1000 2220 1089 2265 unus

68 2288 219 2351 innocens
252 2290 456 2369 apparuerat,
489 2286 553 2350 duo
584 2286 740 2369 peribant.
795 2285 871 2350 Piso
903 2285 1025 2352 adiecit
1057 2291 1090 2354 et

67 2376 206 2440 tertium.
252 2397 327 2438 narn
353 2374 460 2457 ipsum
488 2376 719 2458 centurionem,
748 2376 804 2458 qui
827 2375 1017 2440 damnatum
1042 2400 1090 2443 re·

68 2465 213 2547 duxerat,
237 2464 311 2527 duci
334 2463 435 2528 iussit.
473 2464 640 2528 constituti
659 2467 733 2529 sunt
751 2465 786 2527 in
803 2464 915 2528 eodem
932 2464 993 2528 illo
1011 2466 1090 2533 loco
1105 2484 1128 2527 a

33 2554 202 2638 aperituri
233 2556 298 2617 tres
331 2553 372 2616 ob
404 2553 499 2617 nnius
531 2553 755 2617 innocentiam.
801 2574 942 2636 oquam
970 2554 1090 2621 sollers
1180 2622 1186 2639 ,

69 2646 117 2708 est
139 2641 304 2706 iracundia
326 2640 366 2705 ad
389 2641 554 2726 fingendas
578 2664 689 2707 causas
714 2641 846 2707 furorisl
892 2639 955 2705 ‘te’
978 2643 1091 2727 inquit

68 2732 155 2796 ‘duci
187 2732 294 2813 iubeo,
328 2731 404 2814 quia
433 2730 602 2797 damnatus
630 2754 676 2815 es,
705 2735 750 2814 te,
779 2731 855 2816 quia
877 2752 975 2795 causa
998 2730 1091 2799 dam·

68 2821 208 2885 nationis
240 2819 452 2885 commilitoni
484 2820 588 2904 fuisti3
620 2824 664 2903 te,
695 2822 771 2904 quia
802 2821 906 2885 iussus
939 2820 1091 2888 occidere

69 2911 255 2994 imperatori
285 2931 352 2973 non
384 2908 548 2991 paruisti':
584 2910 780 2994 excogitavit
813 2909 1091 2993 quemadmodum
1107 2930 1131 2971 a

68 3001 130 3063 tria
154 2999 288 3064 crimina
310 2998 441 3081 faceret,
465 2999 541 3081 quia
562 2999 688 3063 nullum
711 3000 883 3063 invenerat.

157 3191 275 3247 {lfabor
293 3190 336 3246 Αι
356 3192 403 3245 scd
420 3190 439 3244 b
457 3192 489 3245 in
505 3208 523 3245 v
541 3207 610 3246 corr.
634 3191 644 3264 ll
668 3191 686 3245 8
708 3207 813 3260 prauus
836 3191 912 3258 AL,
934 3193 1011 3261 qaod
1031 3195 1091 3251 nid.

69 3270 227 3334 corruptam
254 3280 321 3318 ease:
347 3262 392 3317 ira
418 3278 521 3331 pravus
547 3264 589 3317 vel
616 3279 751 3331 praeceps
775 3264 857 3318 Gertz
886 3278 988 3318 sacrus
1012 3266 1093 3323 Reae

69 3352 172 3405 pravus
197 3351 230 3390 eo
256 3334 332 3402 quod
356 3334 492 3390 Schultess
518 3334 671 3388 iracundus
695 3352 743 3405 epo
765 3336 860 3389 malim
882 3340 934 3389 cut
956 3334 991 3389 in
1014 3336 1093 3393 iram

69 3423 173 3476 pronus
198 3406 201 3478 l
234 3406 252 3460 9
274 3406 359 3475 rigor.
378 3408 403 3460 ia
427 3422 490 3459 cum
508 3406 551 3460 A⁸
568 3407 600 3460 ia
616 3423 688 3473 ras.;
709 3405 752 3460 A¹
767 3408 831 3474 sort.
850 3406 948 3461 babuit
968 3406 1092 3479 rigores.

71 3478 192 3618 cumb
215 3477 233 3532 8
260 3480 290 3532 et
315 3477 372 3531 iam
397 3476 439 3532 A⁸
465 3478 496 3532 ia
520 3494 575 3532 ras.
602 3477 688 3531 etiam
708 3476 751 3531 A¹
776 3477 787 3549 Ιῐ
812 3477 849 3532 23
872 3476 1037 3550 perillbant
1064 3482 1093 3553 (e

63 3565 131 3601 aaa
