2400 3840
104 203 169 271 298
307 201 338 254 L.
352 199 495 254 ANNAEI
513 199 678 255 SENECAE
696 200 791 258 111111.
806 200 873 256 LIB.
887 199 921 255 X.

103 347 227 431 primus
255 346 392 430 quisque
419 367 460 411 ex
481 344 636 411 Romanis
664 346 970 431 ducibusfeoisset:
997 347 1126 431 primus

103 436 210 502 navali
237 435 361 520 proelio
389 434 519 500 Duilius
545 436 638 519 vicit,
666 436 790 520 primus
819 433 934 501 Curius
961 434 1126 502 Dentatus

103 527 139 589 in
161 524 327 609 triumpho
346 525 439 589 duxit
457 525 653 610 elephantos.
700 525 885 591 etiamnunc
903 525 978 609 ista,
1002 526 1066 590 etsi
1085 525 1126 590 ad

103 636 212 679 veram
235 614 372 699 gloriam
394 635 462 679 non
483 613 632 697 tendunt,
656 614 741 678 circa
759 614 904 678 civilium
922 618 1031 679 tamen
1050 637 1128 699 ope-

102 725 176 768 rum
205 703 353 788 exempla
381 707 562 769 versantur:
591 724 658 768 non
688 706 737 768 est
764 704 935 788 profutura
960 704 1036 769 telis
1066 705 1127 769 sci·
1158 723 1170 765 1

104 793 204 876 entia,
227 796 407 859 esttamen
429 814 511 876 quae
533 813 593 857 nos
616 792 762 877 speciosa
783 814 892 857 rerum
910 793 1053 858 vanitate
1073 794 1127 859 de-

68 882 213 948 ltineat.
262 882 326 946 hoc
363 902 491 966 quoque
528 881 756 965 quaerentibus
792 882 1008 964 remittamus,
1050 883 1126 966 quis

99 969 258 1036 ‘Romanis
299 971 422 1056 primus
463 971 658 1054 persuaserit
692 992 807 1036 navem
844 970 1058 1036 conscendere
1081 1009 1128 1019 -

104 1058 255 1125 Claudius
274 1061 302 1124 is
321 1060 396 1144 fuit,
421 1057 550 1125 Caudex
569 1060 610 1124 ob
629 1059 693 1124 hoc
709 1061 817 1144 ipsum
835 1061 1029 1144 appellatus,
1048 1061 1128 1143 quia

102 1151 244 1234 plurium
281 1149 464 1214 tabularum
501 1152 670 1215 contextus
708 1149 831 1214 caudex
861 1152 941 1233 aput
972 1149 1127 1233 antiquos
1147 1171 1171 1212 ro

101 1238 263 1321 vocatur,
284 1237 369 1303 unde
405 1238 554 1322 publicae
589 1238 718 1303 tabulae
750 1239 876 1304 codices
908 1238 1062 1304 dicuntur
1094 1243 1128 1303 et

101 1348 199 1392 naves
235 1349 323 1391 nunc
359 1348 489 1410 quoque
522 1349 561 1391 ex
593 1328 727 1412 antiqua
759 1327 1004 1411 consuetudine,
1042 1348 1127 1410 quae

103 1419 299 1481 commeatus
329 1437 388 1500 per
409 1415 552 1480 Tiberim
582 1416 778 1501 subvehunt,
808 1416 985 1482 codicariae
1008 1437 1127 1482 vocan-

67 1524 83 1572 5
102 1508 156 1569 tur
179 1526 236 1588 -3
264 1525 339 1568 sane
369 1508 402 1569 et
423 1504 486 1570 hoc
509 1505 549 1569 ad
572 1527 640 1570 rem
663 1507 835 1590 pertineat,
864 1505 950 1589 quod
973 1503 1126 1571 Valerius

103 1591 261 1658 Corvinus
283 1595 406 1677 primus
429 1593 611 1659 Messanam
632 1595 712 1659 vicit
734 1598 767 1660 et
789 1595 913 1679 primus
937 1617 977 1658 ex
999 1594 1127 1660 familia
1145 1614 1170 1655 1⁵

102 1680 307 1747 Valeriorum
325 1683 413 1747 urbis
433 1687 545 1767 captae
563 1684 599 1748 in
612 1703 646 1748 se
659 1685 816 1749 translato
830 1683 960 1748 nomine
973 1683 1127 1749 Messana

103 1772 284 1856 appellatus
315 1775 365 1837 est
392 1773 613 1856 paulatimque
639 1773 739 1858 vulgo
765 1776 969 1857 permutante
996 1773 1124 1838 litteras

68 1880 84 1928 6
102 1860 239 1927 Messala
262 1862 381 1926 dictus:
403 1884 483 1926 num
506 1866 538 1927 et
560 1862 624 1927 hoc
646 1863 798 1945 cuiquam
816 1883 927 1927 curare
945 1863 1125 1946 permittes,

103 1952 190 2035 quod
220 1951 344 2034 primus
374 1949 409 2015 L.
429 1949 520 2016 Sulla
549 1952 584 2015 in
614 1952 699 2016 circo
729 1952 840 2017 leones
870 1951 995 2016 solutos
1025 1951 1124 2035 dedit,

103 2062 177 2105 cum
209 2041 355 2124 alioquin
386 2041 511 2126 alligati
544 2040 708 2124 darentur,
746 2039 786 2104 ed
818 2039 1036 2105 conficiendos
1068 2063 1124 2105 eos
1144 2061 1169 2102 eo

102 2129 209 2194 missis
228 2151 247 2193 a
264 2150 340 2215 rege
353 2128 484 2195 Boccho
502 2129 754 2195 iaculatoribus?
791 2133 825 2194 et
841 2129 905 2194 hoc
922 2149 999 2194 saue
1016 2130 1127 2194 remit

101 2221 203 2281 tatur:
232 2240 311 2282 num
341 2222 374 2282 et
403 2217 594 2303 Pompeium
623 2218 764 2302 primum
793 2219 829 2282 in
858 2218 944 2284 circo
973 2218 1125 2303 elephan-

101 2309 210 2370 torum
241 2306 464 2392 duodeviginti
492 2329 635 2393 pugnam
664 2307 800 2373 edidisse
828 2307 1010 2373 commissis
1032 2329 1125 2372 more

102 2395 205 2479 proeli
233 2395 362 2461 innoxis
392 2395 577 2461 hominibus
608 2397 648 2461 ad
677 2397 778 2461 ullam
807 2419 875 2461 rern
904 2397 1024 2461 bonam
1053 2419 1125 2482 per-

102 2483 205 2548 tinet?
249 2484 399 2569 princeps
429 2485 569 2550 civitatis
599 2489 632 2550 et
660 2485 745 2550 inter
774 2486 926 2570 antiquos
952 2485 1126 2571 principes,
1144 2504 1169 2545 11

102 2576 139 2636 ut
163 2573 250 2637 fama
274 2573 420 2657 tradidit,
446 2574 601 2639 bonitatis
631 2575 766 2639 eximiae
795 2575 1003 2640 memorabile
1031 2579 1125 2659 puta·

102 2661 150 2727 vit
191 2663 365 2745 spectaculi
406 2684 507 2747 genus
548 2685 633 2728 novo
670 2686 760 2729 more
797 2665 930 2749 perdere
966 2664 1125 2730 homines.

191 2889 208 2944 2
226 2890 317 2962 prelio
336 2890 441 2944 dullino
455 2892 483 2945 A
505 2891 515 2964 11
537 2891 555 2946 4
573 2891 693 2962 gloriam
711 2893 743 2948 in
760 2909 848 2964 margi.
862 2893 927 2948 cdd.
942 2892 985 2948 A³
1003 2891 1015 2964 11
1035 2891 1054 2946 d
1072 2909 1124 2947 noo

101 2979 122 3016 e.
137 2978 161 3017 o.
176 2962 240 3017 cdd.
256 2961 327 3086 1111
347 2962 381 3016 11
400 2964 520 3016 uocatur
533 2964 562 3017 A
579 2963 765 3018 vocabatur-s
782 2970 807 3019 et
824 2965 893 3034 oolp.
912 2963 922 3037 11
942 2962 977 3018 11
996 2979 1031 3018 ex
1049 2964 1125 3018 anti-

102 3049 160 3102 qua
173 3035 306 3088 consuetu
328 3033 384 3101 ine,
396 3049 469 3103 quae
478 3035 594 3103 Lipsius
607 3051 680 3104 quae
693 3035 846 3103 exantiqua
854 3033 858 3108 1
866 3034 1106 3091 eonsuetudineA
1114 3034 1126 3108 11

101 3103 137 3159 13
154 3122 206 3175 per
223 3103 337 3159 tiberim
357 3112 383 3160 et
399 3107 538 3160 uocantur
555 3123 577 3161 1.
592 3123 616 3161 e.
631 3107 696 3162 add.
710 3107 753 3162 A⁸
773 3106 777 3179 1
803 3106 962 3162 codicariae
975 3105 1018 3162 A¹
1036 3106 1124 3160 caud-

101 3175 144 3232 A³
165 3175 175 3249 11
199 3175 235 3232 18
256 3177 379 3231 messala
400 3178 433 3231 11
450 3177 809 3248 11119.111111111111111ι
834 3177 838 3250 Ι
865 3178 998 3247 cuiquam
1021 3177 1124 3233 Gruter

102 3247 253 3317 quicquam
268 3249 296 3303 A
314 3248 468 3318 quoiquam
487 3250 539 3303 alii
556 3247 567 3322 11
584 3248 619 3303 19
633 3248 706 3319 sylla
720 3250 748 3305 A
765 3249 776 3322 11
793 3247 829 3304 20
844 3248 1066 3322 1111111111121
1081 3249 1124 3303 11-

102 3353 256 3438 susurrus
274 3356 302 3409 A
320 3371 389 3410 corr.
407 3355 475 3427 101.
499 3355 510 3428 1
532 3354 569 3409 14
590 3355 700 3481 1111111
718 3355 762 3410 xis
780 3321 1021 3429 1119191111οᾖ
1039 3353 1123 3426 1111)

101 3442 212 3480 mnons
230 3426 306 3481 edidi
323 3428 383 3481 coll.
404 3428 479 3482 Plio.
498 3445 526 3481 1.
545 3428 570 3482 h.
592 3428 618 3482 V
631 3429 670 3482 11
684 3432 710 3496 7,
723 3431 760 3484 20
778 3428 877 3497 Lipsio
896 3428 1059 3498 Gertze'oque
1077 3429 1123 3483 ob·

101 3504 220 3564 1111111,
244 3514 410 3566 quamquam
429 3498 491 3565 fieri
509 3503 611 3566 potest,
632 3505 665 3554 ut
681 3500 741 3568 ipse
757 3499 861 3555 Seneca
877 3515 967 3556 errore
984 3499 1061 3555 haud
1078 3501 1123 3554 ie·

86 3567 172 3622 sohte
188 3568 285 3624 noxiis
304 3570 452 3642 empserit
633 3563 642 3581 ⁸
