2400 3840
83 204 149 271 326
279 201 310 256 L.
324 201 467 255 ANNAEI
484 200 649 256 SENECAE
666 201 762 256 DIAL.
777 200 844 255 LIB.
858 199 904 256 XI.

82 347 210 430 iustior,
241 347 297 430 qui
325 347 476 412 nuntiata
504 347 565 411 filii
595 351 699 412 morte
727 347 858 432 dignam
885 367 1005 432 magno
1032 345 1108 412 viro

82 458 195 502 vocem
218 437 337 501 emisit:
362 435 437 522 ‘ego
461 457 534 501 oum
558 437 669 522 genui,
691 440 762 501 tum
786 436 979 501 moriturum
1002 435 1110 500 scivi?

82 547 214 611 prorsus
241 547 309 590 non
336 525 461 590 mireris
489 547 530 590 ex
556 526 619 590 hoo
647 528 760 589 natum
784 546 866 608 esse,
894 525 951 608 qui
974 524 1110 591 fortiter

83 615 166 680 mori
195 619 313 698 posset.
358 637 425 679 non
454 615 579 697 aooepit
608 618 775 698 tamqnam
802 636 924 679 novum
951 613 1109 695 nuntium

82 705 143 769 filii
166 707 316 787 mortem3
339 704 417 786 quid
440 703 526 768 enim
545 707 594 768 est
611 705 688 768 novi
706 703 872 768 hominem
891 703 988 785 mori,
1011 702 1109 769 ouius
1141 723 1154 764 e

82 797 152 859 tota
174 794 243 858 vita
264 793 348 858 nihil
371 793 459 857 aliud
482 815 580 876 quam
604 792 645 856 ad
667 796 805 857 mortem
828 793 889 857 iter
913 792 983 857 est?
1026 791 1108 878 ‘ego

48 903 157 951 eoum
180 883 292 968 genui,
315 885 386 946 tum
410 881 602 947 moriturum
622 881 723 947 scivi?
769 881 882 946 deinde
901 879 1018 946 adieoit
1035 904 1110 947 rem

83 972 213 1038 maioris
241 976 274 1036 et
300 971 489 1055 prudentiae
517 975 550 1036 et
576 970 688 1035 animi:
717 970 765 1035 ‘et
792 970 869 1036 huie
895 970 943 1035 rei
965 971 1110 1036 sustuli?

84 1082 194 1127 omnes
217 1060 295 1126 huie
315 1060 363 1125 rei
386 1060 545 1143 tollimur,
569 1060 714 1144 quisquis
738 1060 779 1124 ad
802 1060 902 1124 vitam
921 1059 1042 1142 editur,
1066 1060 1110 1124 ad

84 1153 221 1216 mortem
244 1149 431 1214 destinatur.
477 1149 674 1235 gaudeamus
697 1168 767 1232 erpo
786 1170 839 1232 eo,
862 1148 949 1231 quod
967 1147 1110 1233 dabitur,
1129 1170 1154 1210 1o

83 1240 317 1322 reddamusque
339 1238 387 1321 id,
410 1258 483 1303 oum
507 1259 724 1322 reposoemur:
748 1237 848 1302 alium
871 1237 934 1302 alio
957 1241 1111 1322 tempore

49 1335 51 1340 ’
82 1329 151 1394 fata
183 1326 468 1411 comprehendent,
499 1327 662 1391 neminem
694 1327 922 1412 praeteribunt.
968 1326 1004 1390 in
1032 1349 1110 1410 pro-

84 1418 192 1483 oinotu
223 1419 287 1482 stet
316 1416 441 1481 animus
473 1419 505 1479 et
531 1415 565 1480 id
593 1416 681 1498 quod
703 1437 832 1482 neeesse
855 1419 905 1481 est
926 1437 1111 1499 numquam

48 1525 66 1574 4
83 1507 209 1588 timeat,
228 1504 316 1588 quod
334 1505 492 1570 incertum
512 1508 561 1569 est
574 1525 700 1588 semper
714 1509 870 1589 expectat.
908 1505 985 1587 quid
1000 1505 1111 1571 dicam

84 1595 181 1660 duoes
205 1593 388 1677 ducumque
411 1593 599 1679 progeniem
622 1597 655 1658 et
677 1594 788 1659 multis
808 1597 864 1658 aut
883 1594 1110 1661 consulatibus
1129 1614 1154 1655 a

84 1683 276 1768 oonspiouos
304 1687 360 1748 aut
386 1683 559 1767 triumphis
588 1686 673 1749 sorte
702 1684 870 1749 defunctos
893 1683 1110 1748 inexorabili?

84 1777 154 1838 tota
194 1793 267 1838 oum
304 1771 435 1858 regibus
469 1794 569 1858 regna
602 1772 780 1856 populique
815 1794 889 1837 oum
920 1772 1109 1858 regentibus

64 1863 186 1929 tulere
213 1862 317 1926 fatum
345 1883 453 1926 suum:
481 1882 605 1946 omnes,
632 1861 731 1926 immo
760 1861 869 1926 omnia
895 1861 930 1925 in
952 1861 1111 1927 ultimum

85 1952 170 2017 diem
194 1955 349 2035 spectant.
393 1973 462 2015 non
484 1950 569 2016 idem
592 1949 750 2016 universis
773 1951 847 2016 finis
867 1953 929 2015 est:
952 1949 1054 2015 alium
1074 1952 1111 2015 in

84 2041 190 2107 medio
213 2062 310 2106 eursu
332 2039 400 2104 vita
418 2040 549 2122 deserit,
572 2039 672 2104 alium
690 2039 813 2123 inipso
834 2039 923 2104 aditu
942 2039 1112 2124 relinquit,
1130 2060 1155 2100 ro

85 2131 184 2195 alium
216 2129 251 2194 in
282 2132 425 2194 extrema
457 2132 622 2194 seneotute
653 2128 826 2214 fatigatum
859 2128 923 2192 iam
955 2132 988 2192 et
1020 2130 1112 2195 exire

86 2220 269 2302 eapientem
290 2218 347 2282 vix
364 2217 498 2301 emittit3
521 2217 585 2282 alio
605 2217 735 2300 quidem
754 2221 850 2301 atque
869 2217 932 2282 alio
952 2221 1113 2302 tompore,

86 2329 196 2373 omnes
214 2310 324 2371 tamen
341 2306 530 2371 ineundam
545 2307 655 2371 looum
668 2306 845 2390 tendimus3
862 2309 1015 2372 utrumne
1030 2309 1112 2373 stul-

85 2395 150 2471 tius
181 2395 223 2461 sit
249 2395 358 2462 neseio
386 2395 592 2460 mortalitatis
620 2397 726 2481 legem
753 2396 917 2482 ignorare,
946 2417 988 2460 an
1014 2395 1112 2480 inpu-

50 2485 213 2552 edendus
235 2505 390 2550 recusare.
436 2484 574 2570 agedum
596 2484 667 2568 illa,
690 2506 772 2568 quae
794 2485 898 2550 multo
917 2484 1041 2569 ingenii
1058 2486 1113 2550 tui
1131 2505 1157 2546 aa

84 2574 196 2639 labore
219 2573 379 2638 celebrata
401 2577 490 2656 sunt,
517 2574 552 2637 in
575 2594 688 2638 manus
712 2595 802 2639 sume
825 2573 1011 2639 utriuslibet
1036 2597 1113 2640 auo-

85 2663 165 2729 toris
189 2662 343 2745 earmina,
368 2683 449 2745 quae
468 2666 505 2727 tu
523 2662 569 2726 ita
586 2662 761 2746 resolvisti,
784 2667 821 2728 ut
840 2662 987 2746 quamvis
1005 2667 1114 2730 struo-

85 2757 159 2817 tura
180 2751 311 2816 illorum
334 2751 514 2834 recesserit,
537 2756 724 2835 permaneat
746 2755 854 2816 tamen
875 2751 980 2837 gratia
998 2789 1043 2799 —
1062 2753 1114 2819 sio

86 2842 172 2907 enim
194 2841 251 2906 illa
274 2863 315 2906 ex
337 2840 400 2904 alia
417 2840 529 2926 lingua
547 2842 583 2905 in
600 2842 697 2906 aliam
715 2841 923 2924 transtulisti,
945 2844 996 2926 ut,
1021 2843 1114 2925 quod

175 3016 224 3088 2]ss
242 3032 335 3072 versas
355 3022 393 3071 est
411 3017 535 3071 Eaaiie
556 3016 702 3071 Telamone
723 3023 863 3084 sumptam
888 3016 1006 3071 Vahtea:
1030 3017 1114 3076 Ean.

81 3104 155 3156 paee.
170 3087 233 3143 νεῖ)
248 3105 277 3158 p.
293 3092 346 3144 177
364 3089 403 3141 ΙΙ
418 3089 451 3157 (υ.
467 3089 527 3157 312)
547 3087 597 3153 cfr.
616 3087 672 3142 Ode.
690 3088 799 3142 Taeoal.
814 3089 871 3142 111
884 3087 905 3158 ἕ
918 3090 955 3142 28

174 3212 193 3266 2
211 3213 360 3267 morituros
379 3211 478 3266 deiude
501 3211 528 3265 ei
545 3211 587 3265 rei
606 3210 707 3265 sustuli
721 3211 836 3266 Eunias
857 3209 868 3282 ll
890 3209 908 3264 ὅ
927 3211 1002 3264 enim
1021 3214 1066 3266 est
1081 3215 1113 3268 Β

86 3287 129 3340 est
147 3285 222 3339 enim
242 3285 265 3339 G
285 3283 288 3356 l
319 3285 414 3352 lpost
432 3282 518 3351 genui
539 3282 620 3336 Gertz
637 3282 731 3351 inquit
749 3283 923 3337 inserendam
941 3289 1043 3350 oeasa,
1062 3287 1115 3341 sed

85 3357 136 3423 afr.
151 3357 189 3410 ad
202 3357 269 3410 dial.
320 3358 346 3422 5,
361 3360 395 3409 11
416 3353 420 3426 1
440 3353 607 3407 moriturum
623 3354 646 3408 0
662 3354 812 3407 moritums
827 3355 855 3408 B
871 3353 874 3426 l
893 3370 953 3408 rem
970 3354 992 3408 0
1009 3371 1115 3412 vocem

86 3428 166 3482 malit
185 3426 267 3481 Gertz
289 3426 299 3498 Η
324 3425 359 3480 10
383 3441 449 3494 ergo
473 3441 505 3479 eo
524 3423 652 3480 arasa}
670 3441 736 3494 ergo
755 3426 851 3481 Pata
871 3424 985 3480 Gaatera'
1003 3441 1036 3480 eo
1060 3428 1084 3482 0
1104 3429 1116 3503 Η

83 3498 121 3552 17
139 3515 202 3552 oum
219 3496 384 3568 regentibus
404 3497 500 3552 Haase
519 3497 579 3565 (afr.
594 3513 633 3565 ep.
650 3499 693 3564 59,
707 3502 725 3552 7
743 3499 911 3565 p.176,23)
934 3511 997 3550 oum
1016 3500 1116 3566 genti-

71 3566 128 3622 bus
148 3570 175 3624 θ
187 3569 205 3644 sl
218 3568 258 3625 26
275 3570 306 3626 in
326 3587 431 3626 manus
451 3568 635 3629 OimanuB
