2400 3840
112 202 162 256 AD
176 200 344 256 HELVIAM
358 201 516 256 MATREM
530 201 579 255 DE
593 201 870 258 CONSOLATIONE
885 201 962 257 cAP.
974 207 1007 257 14
1050 205 1114 271 361

98 351 133 413 at
161 347 216 413 ille
246 347 395 412 abstersit
423 347 538 414 faciem
568 351 601 413 et
628 347 794 413 subridens
822 348 868 412 ait
890 347 1059 413 comitanti
1081 368 1116 412 se

98 437 314 523 magistratui:
347 436 498 501 ‘admone
529 435 641 520 istum,
672 458 714 501 ne
746 440 858 520 postea
886 440 954 503 tam
980 437 1115 521 inprobe

98 525 233 591 oscitet?
278 525 341 591 hoc
363 525 427 590 fuit
444 526 672 592 contumeliam
690 524 754 609 ipsi
772 526 984 590 contumeliae
1002 525 1115 591 facere.

97 614 163 681 scio
201 614 356 698 quosdam
394 614 497 679 dicere
534 618 722 699 contemptu
757 613 841 678 nihil
876 635 945 679 esse
976 616 1151 702 gravius,8

66 707 234 769 amortem
262 704 342 788 ipsis
365 702 525 787 potiorem
546 703 656 769 videri.
701 702 753 767 his
777 725 837 788 ego
860 704 1060 787 respondebo
1085 709 1117 769 et

97 793 230 859 exilium
259 814 353 876 saepe
383 793 623 876 contemptione
654 793 742 857 omni
772 813 892 858 carere:
923 793 951 858 si
980 815 1116 879 magnus

96 882 147 946 vir
169 881 296 965 cecidit,
320 901 455 967 magnus
478 881 590 965 iacuit,
612 903 679 945 non
701 882 805 968 magis
828 882 922 947 illum
944 882 1118 966 contemni,

97 992 194 1054 quam
217 971 344 1036 aedium
366 991 528 1037 sacrarum
545 970 656 1035 ruinae
675 971 852 1055 calcantur,
875 991 953 1055 quas
972 972 1116 1057 religiosi

97 1081 197 1143 aeque
220 1080 257 1124 ac
280 1061 394 1125 stantis
418 1060 561 1125 adorant.

53 1189 79 1230 ro
187 1164 274 1232 XIV.
312 1165 470 1244 Quoniam
500 1189 572 1232 meo
601 1167 733 1232 nomine
762 1166 845 1232 nihil
871 1168 985 1252 habes,
1014 1170 1150 1235 mater1

98 1255 277 1340 carissima,
300 1256 387 1339 quod
409 1259 442 1321 te
465 1257 500 1320 in
522 1255 665 1322 infinitas
688 1255 836 1322 lacrimas
860 1259 947 1343 agat,
971 1257 1117 1341 sequitur

97 1347 134 1409 ut
161 1366 275 1410 causae
303 1348 378 1410 tuae
405 1348 438 1410 te
466 1346 640 1411 stimulent.
687 1349 762 1411 sunt
789 1349 896 1411 autem
920 1346 1013 1411 duae:
1040 1369 1115 1411 nam

96 1437 153 1499 aut
180 1434 262 1499 illud
289 1437 322 1498 te
349 1437 470 1517 movet,
503 1435 589 1518 quod
616 1435 812 1518 praesidium
839 1435 971 1519 aliquod
998 1435 1115 1501 videris

97 1522 256 1605 amisisse,
279 1526 335 1587 aut
358 1522 454 1606 illud,
476 1522 564 1606 quod
582 1523 776 1589 desiderium
793 1524 900 1609 ipsum
919 1547 977 1611 per
995 1547 1029 1592 se
1047 1524 1116 1611 pati

52 1632 78 1675 rs
96 1633 163 1676 non
184 1614 285 1694 potes.

185 1699 279 1764 Prior
311 1721 385 1783 pars
415 1699 496 1763 mibi
524 1699 638 1764 leviter
667 1701 912 1787 perstringenda
942 1706 1004 1787 est3
1039 1701 1150 1768 novia

97 1789 182 1853 enim
210 1788 353 1853 animum
380 1791 474 1852 tuum
496 1788 579 1853 nihil
600 1789 636 1854 in
658 1791 725 1856 suis
748 1794 874 1874 praeter
896 1792 984 1874 ipsos
1009 1813 1116 1856 aman·

97 1881 171 1943 tem.
217 1878 356 1943 viderint
378 1877 453 1942 illae
476 1882 608 1962 matres,
636 1900 717 1962 quae
740 1879 919 1964 potentiam
940 1880 1115 1944 liberorum

96 1967 247 2031 muliebri
275 1967 455 2051 inpotentia
485 1972 645 2051 exercent,
676 1991 770 2052 quae,
801 1967 877 2052 quia
903 1969 1032 2033 feminis
1058 1969 1116 2032 ho-

53 2077 80 2118 ro
97 2077 191 2120 nores
213 2078 281 2121 non
301 2056 379 2121 licet
402 2077 524 2141 gerere,
546 2078 605 2141 per
622 2057 696 2123 illos
715 2057 903 2123 ambitiosae
922 2061 1011 2141 sunt,
1034 2078 1115 2140 quae

96 2145 291 2231 patrimonia
326 2145 469 2209 filiorum
501 2147 533 2209 et
564 2146 757 2210 exhauriunt
789 2148 821 2210 et
853 2148 997 2229 captant,
1034 2167 1116 2230 quaa

97 2234 314 2318 eloquentiam
342 2233 576 2300 commodando
604 2235 675 2300 aliis
702 2234 854 2321 fatigant:
880 2238 918 2299 tu
939 2235 1150 2303 liberoruma

96 2327 227 2388 tuorum
253 2322 347 2389 bonis
375 2323 552 2408 plurimum
576 2325 687 2410 gavisa
710 2345 758 2408 es,
786 2322 956 2388 minimum
980 2345 1052 2409 usa3
1078 2329 1116 2390 tu

96 2413 283 2477 liberalitati
318 2417 446 2479 nostrae
482 2433 609 2497 semper
643 2413 827 2497 imposuisti
858 2413 1004 2498 modum,
1040 2435 1115 2479 cum

52 2506 171 2566 aetnae
198 2523 265 2566 non
287 2502 472 2586 inponeres3
499 2506 535 2566 tu
558 2502 626 2566 filia
648 2501 789 2566 familiae
810 2502 1027 2586 locupletibus
1050 2503 1115 2568 filis

96 2591 183 2654 ultro
207 2591 386 2675 contulisti3
408 2595 445 2656 tu
467 2591 661 2675 patrimonia
678 2594 790 2656 nostra
808 2592 855 2656 sic
875 2591 1116 2675 administrasti,

96 2681 134 2743 ut
162 2682 328 2762 tamquam
355 2679 390 2743 in
416 2679 482 2744 tuis
509 2680 684 2763 laborares,
714 2683 879 2764 tamquam
907 2681 1019 2745 alienis
1046 2681 1116 2746 abs·

96 2767 229 2851 timeres3
265 2770 302 2832 tu
339 2769 461 2852 gratiae
497 2772 639 2852 nostrae,
671 2773 836 2852 tamquam
875 2770 987 2835 alienis
1020 2770 1114 2833 rebus

96 2857 245 2940 utereris,
267 2857 439 2940 pepercisti
462 2860 494 2921 et
517 2879 556 2922 ex
577 2857 754 2923 honoribus
778 2859 896 2924 nostris
919 2859 1002 2922 nihil
1025 2857 1065 2922 ad
1082 2861 1116 2922 te

186 3067 202 3122 1
226 3070 258 3123 at
279 3069 311 3123 θη
333 3085 388 3124 roa.
407 3069 449 3124 A⁶
467 3069 504 3122 ad
523 3069 564 3124 A¹
586 3071 691 3126 ataid.
717 3071 727 3144 ll
751 3072 769 3126 2
795 3068 936 3142 admones]
953 3070 981 3124 A
1007 3086 1075 3124 croc.
1101 3084 1115 3123 s

96 3140 137 3195 cel
160 3141 173 3194 t
196 3139 199 3212 1
230 3139 250 3194 4
271 3142 387 3210 grawiw
407 3140 449 3195 A⁶
473 3140 483 3213 ll
507 3141 525 3194 6
547 3143 735 3197 contemtione
755 3144 784 3198 A
807 3143 817 3216 ll
844 3143 858 3197 7
881 3140 970 3195 iacuit
990 3140 1018 3196 A
1040 3140 1116 3195 iacet

98 3211 181 3266 Gertz
225 3227 307 3266 nemo
325 3212 417 3282 magis
435 3212 515 3266 illum
534 3213 689 3268 contemnit
705 3214 802 3281 Gesta·
820 3220 895 3268 teneo
910 3212 968 3267 cod.
983 3212 1012 3266 A
1029 3212 1115 3280 sceap-

97 3289 189 3338 toram
214 3284 273 3338 coll.
294 3284 360 3339 locis
383 3285 520 3340 similibus
544 3285 611 3340 dial.
630 3286 710 3341 VIII
724 3289 782 3353 7,3
805 3287 845 3355 (p.
859 3288 923 3351 240,
936 3285 965 3352 8)
990 3289 1016 3338 et
1037 3284 1114 3352 epia.

97 3356 485 3482 26,262(4p.li21536,ffiat111)p
505 3355 739 3481 loliiciili'hailles
758 3355 800 3410 Αὕ
818 3354 906 3410 nichil
925 3353 992 3409 abes
1010 3354 1114 3479 otfflicid

97 3494 133 3548 aa
151 3424 410 3568 iinmauffieaa.
425 3444 449 3564 ἶ)
463 3498 491 3552 A
509 3426 524 3570 ll
547 3497 582 3552 aa
600 3444 688 3552 incia
703 3443 805 3552 [ill
817 3423 1121 3569 filliiffriaemlll

98 3567 242 3622 ‘Pleraei
258 3573 334 3622 cetae
352 3569 442 3623 lectio’
461 3568 526 3623 aliis
541 3570 569 3623 A
585 3568 599 3642 [l
613 3568 649 3624 aa
668 3568 739 3623 atta
758 3585 833 3625 corr.
844 3574 917 3623 om.
932 3582 970 3620 aa
984 3567 1061 3614 ama
1078 3562 1109 3609 A
