2400 3840
366 683 406 755 n.
424 682 618 755 anunm
642 681 861 756 sunnone

115 941 126 968 ε
183 860 656 959 DIALOGORVM
682 859 897 958 LIBER
925 861 1042 959 XII.
1144 873 1163 966 j

436 1034 479 1074 AD
494 1033 640 1074 HELVIAM
653 1033 787 1074 MATREM

406 1158 460 1212 DE
482 1156 817 1212 CONSOLATIONE.

68 1449 82 1496 1
190 1427 214 1492 l.
253 1426 354 1512 Saepe
381 1427 459 1512 iam,
487 1430 589 1492 mater
616 1428 754 1512 optima,
775 1427 931 1512 impetum
955 1431 1027 1514 cepi
1050 1452 1132 1497 con-

103 1517 228 1582 solandi
259 1521 305 1601 te,
337 1538 431 1601 saepe
463 1516 616 1581 continui.
674 1520 710 1581 ut
742 1518 906 1603 auderem,
937 1519 1041 1584 multa
1075 1544 1131 1587 me

101 1606 311 1691 inpellebant:
348 1606 490 1690 primum
526 1606 658 1671 videbar
695 1606 898 1690 depositurus
936 1609 1046 1672 omnia
1080 1610 1131 1674 in-

102 1696 284 1780 commoda,
322 1717 395 1761 cum
430 1696 579 1760 lacrimas
612 1700 696 1778 tuas,
734 1696 830 1760 etiam
864 1697 892 1761 si
924 1696 1130 1780 supprimere

101 1808 169 1851 non
191 1787 383 1870 potuissem,
406 1785 535 1849 interim
559 1788 644 1849 certe
662 1784 894 1869 abstersissem3
918 1784 1031 1850 deinde
1050 1788 1130 1869 plus
1162 1809 1174 1850 s

101 1876 288 1941 habiturum
316 1896 367 1939 me
395 1874 595 1939 auctoritatis
620 1896 687 1938 non
710 1873 896 1938 dubitabam
920 1875 961 1939 ad
984 1876 1130 1942 excitan-

103 1966 176 2030 dam
199 1968 245 2048 te,
273 1964 301 2029 si
322 1964 412 2046 prior
434 1964 503 2048 ipse
527 1963 811 2046 consurrexissem3
840 1968 1004 2046 praeterea
1032 1964 1130 2030 time·

101 2055 189 2136 bam,
211 2077 252 2118 ne
276 2077 295 2117 a
317 2075 369 2117 me
392 2052 477 2118 victa
494 2052 626 2117 fortuna
644 2052 784 2136 aliquem
803 2074 949 2117 meorum
967 2054 1129 2120 vinceret:

101 2143 209 2225 itaque
239 2146 414 2225 utcumque
445 2141 583 2207 conabar
612 2163 711 2205 manu
741 2162 837 2225 super
863 2142 993 2228 plagam
1017 2165 1129 2209 meam

67 2250 82 2297 2
101 2231 242 2314 inposita
265 2232 305 2295 ed
329 2230 502 2316 obliganda
524 2231 655 2295 volnera
673 2234 779 2294 vestra
797 2234 931 2314 reptare.
969 2231 1032 2297 hoc
1050 2254 1129 2317 pro·
1148 2256 1175 2296 ro

101 2321 243 2404 positum
274 2341 381 2384 meum
412 2323 503 2384 erant
530 2340 641 2384 rursus
670 2340 751 2403 quae
777 2319 988 2385 retardarent:
1019 2321 1129 2387 dolori

101 2414 173 2492 tuo,
204 2409 281 2472 dum
311 2430 420 2473 recens
452 2408 599 2488 saeviret,
630 2408 769 2474 sciebam
797 2409 1029 2475 occurrendum
1056 2433 1129 2477 non

102 2518 183 2580 esse,
214 2520 255 2561 ne
285 2498 378 2561 illum
408 2497 479 2580 ipsa
509 2497 628 2563 solacia
657 2498 826 2562 imitarent
853 2502 886 2563 et
913 2499 1129 2566 accenderent

101 2624 146 2632 —
167 2608 243 2650 nam
267 2586 301 2649 in
324 2585 444 2651 morbis
469 2608 598 2671 quoque
620 2586 703 2650 nihil
723 2591 772 2651 est
789 2587 1000 2671 perniciosius
1025 2610 1128 2671 quam

101 2677 274 2740 immatura
301 2675 459 2740 medicina
481 2699 538 2738 -ε
569 2677 777 2760 expectabam
800 2676 923 2761 itaque,
952 2677 1029 2742 dum
1053 2678 1128 2762 ipse
1148 2700 1173 2742 ιι

101 2766 184 2831 vires
217 2785 290 2830 suas
322 2764 484 2848 frangeret
514 2768 546 2829 et
576 2766 616 2830 ad
646 2765 832 2830 sustinenda
862 2766 1003 2830 remedia
1032 2789 1129 2834 mora

101 2855 267 2940 mitigatus
290 2853 381 2938 tangi
402 2874 435 2917 se
454 2874 491 2918 ao
509 2855 640 2918 tractari
658 2858 828 2937 pateretur.
866 2858 1029 2938 praeterea
1048 2878 1128 2924 eum

102 2945 209 3009 omnia
240 2944 491 3009 clarissimorum
520 2943 722 3028 ingeniorum
751 2943 950 3009 monimenta
973 2946 1013 3009 ad
1037 2966 1128 3012 com-

101 3034 276 3117 pescendos
300 3031 575 3114 moderandosque
600 3032 706 3097 luctus
730 3033 910 3117 composita
933 3034 1128 3122 evolverem,

100 3145 167 3187 non
196 3122 397 3187 inveniebam
428 3122 611 3205 exemplum
641 3122 725 3206 eius,
754 3123 810 3206 qui
838 3123 1022 3188 consolatus
1047 3145 1128 3192 suos
1148 3148 1175 3188 ao

66 3227 81 3276 3
101 3215 196 3296 esset,
220 3234 293 3277 cum
317 3213 387 3295 ipse
410 3211 451 3275 ab
474 3211 539 3274 illis
563 3211 829 3294 comploraretur:
856 3212 902 3276 ita
924 3213 959 3276 in
981 3235 1015 3276 re
1038 3235 1129 3280 nova

189 3368 208 3423 4
226 3385 385 3437 supremere
404 3370 432 3424 A
453 3368 464 3442 l!
486 3367 520 3421 11
541 3370 622 3422 erant
635 3368 678 3423 Αι
695 3369 742 3423 sed
760 3369 882 3424 rodendo
900 3386 968 3424 corr.
983 3371 1016 3423 ic
1034 3373 1099 3425 erat
1122 3373 1126 3446 l

97 3441 180 3494 cerba
202 3441 258 3495 duo
282 3439 373 3494 dolori
396 3443 445 3494 tuo
468 3446 532 3512 post
554 3440 675 3495 saeviret
696 3442 729 3494 ic
746 3441 775 3495 A
792 3443 930 3496 iterantur
953 3439 964 3512 Η
988 3439 1023 3494 21
1048 3458 1129 3498 com-

79 3509 220 3576 pleretur
231 3513 279 3570 Α1
296 3530 369 3571 corr.
384 3532 421 3572 m.
438 3517 520 3572 1-2
