2400 3840
104 206 169 273 358
293 203 324 258 L.
337 201 481 260 ANNAEI
499 201 664 258 SENECAE
683 201 778 257 DIAL.
792 202 860 258 LIB.
874 202 933 258 XII.

103 350 261 418 tristiores
284 348 552 432 sollicitioresque
574 347 742 412 divitibus:
765 349 864 413 immo
887 349 996 415 nescio
1020 372 1067 415 an
1091 373 1132 418 eo

102 439 252 504 laetiores
289 439 366 523 sint,
404 443 467 521 quo
504 438 631 502 animus
662 437 794 502 illorum
825 439 861 503 in
892 438 1047 522 pauciora
1083 440 1134 506 di·

67 528 283 613 astringitur.
335 531 535 592 transeamus
571 526 594 610 †
630 548 690 611 ape
727 548 783 610 spe
814 548 881 592 non
901 527 1131 596 obveniamus

103 617 143 683 ad
166 617 356 700 locupletes:
380 638 477 700 quam
500 616 604 681 multa
626 619 774 700 tempora
796 619 887 699 sunt,
910 617 1027 700 quibus
1046 640 1132 703 pau·

102 707 231 792 peribus
255 706 376 772 similes
399 706 477 770 sinti
523 706 730 771 circumcisae
753 708 829 770 sunt
847 706 1131 792 peregrinantium
1165 730 1176 772 s

103 796 246 861 sarcinae
277 799 310 862 et
342 796 490 879 quotiens
521 793 761 861 festinationem
792 796 966 860 necessitas
998 796 1132 864 itineris

102 886 222 971 exegit,
249 885 406 952 comitum
432 883 528 948 turba
555 883 737 948 dimittitur.
783 884 959 949 militantes
976 889 1131 968 ,quotam

102 978 227 1060 partem
263 996 371 1041 rerum
408 993 538 1038 suarum
575 993 683 1038 secum
718 973 852 1056 habent,
888 994 962 1039 cum
994 995 1131 1042 omnem

67 1066 292 1149 supparatum
320 1063 490 1129 castrensis
512 1061 683 1146 disciplina
706 1061 928 1127 summoveat?
971 1084 1032 1129 nec
1054 1067 1131 1130 tan-

101 1157 171 1218 tum
194 1153 341 1218 condicio
364 1153 439 1216 illos
462 1154 645 1234 temporum
668 1154 724 1215 aut
746 1151 893 1217 locorum
916 1152 1028 1234 inopia
1046 1175 1130 1236 pau·
1149 1176 1176 1216 io

101 1243 230 1326 peribus
250 1244 419 1324 exaequat:
442 1242 574 1305 sumunt
592 1239 748 1322 quosdam
768 1239 848 1324 dies,
872 1261 946 1307 cum
964 1242 1030 1305 iam
1048 1241 1130 1309 illos

101 1331 287 1396 divitiarum
314 1329 456 1396 taedium
484 1328 583 1412 cepit,
610 1329 727 1411 quibus
754 1329 847 1394 humi
874 1334 990 1395 cenent
1016 1334 1050 1395 et
1078 1355 1130 1398 re·

101 1424 190 1485 moto
226 1441 305 1484 auro
338 1420 536 1504 argentoque
567 1417 721 1484 fictilibus
754 1421 894 1483 utantur.
946 1419 1129 1487 dementes!

100 1510 163 1574 hoc
191 1507 278 1592 quod
305 1506 477 1590 aliquando
506 1507 753 1591 concupiscunt,
780 1529 906 1593 semper
932 1509 1055 1573 timent
1108 1533 1128 1575 o

84 1600 223 1681 >quanta
248 1597 323 1662 illos
350 1596 455 1681 caligo
483 1595 656 1681 mentium,
683 1601 804 1681 quanta
831 1598 1015 1683 ignorantia
1042 1600 1129 1663 veri·
1146 1621 1173 1663 rs

101 1687 176 1751 tatis
208 1691 359 1764 taccu,
396 1705 472 1768 quos
504 1685 597 1750 timor
623 1687 821 1768 paupertatis
853 1690 991 1770 exercet,
1025 1709 1128 1770 quam

65 1777 277 1860 uoluptatis
304 1795 401 1842 causa
427 1774 609 1840 imitantur!
654 1797 705 1840 me
733 1775 878 1859 quidem,
905 1776 1054 1859 quotiens
1084 1778 1128 1842 ad

100 1867 234 1950 antiqua
251 1866 399 1950 exempla
416 1863 556 1947 respexi,
579 1867 779 1948 paupertatis
798 1866 847 1928 uti
866 1865 993 1931 solaciis
1012 1865 1129 1950 pudet,

101 1956 254 2039 quoniam
277 1954 406 2038 quidem
429 1974 467 2018 eo
485 1956 669 2036 tomporum
687 1953 815 2018 luxuria
832 1954 983 2038 prolapsa
1001 1957 1064 2038 est,
1087 1959 1129 2020 ut

101 2046 204 2113 maius
230 2044 386 2109 viaticum
416 2042 547 2108 exulum
574 2042 631 2125 sit,
659 2063 756 2126 quam
784 2043 862 2108 olim
890 2043 1127 2128 patrimonium
1145 2068 1173 2108 aa

100 2135 283 2218 principum
318 2132 389 2197 fuit.
439 2152 540 2196 unum
571 2131 672 2197 fuisse
703 2130 846 2197 Homero
879 2153 1022 2216 servum,
1057 2136 1126 2198 tres

100 2221 242 2305 Platoni,
263 2223 390 2290 nullum
408 2219 546 2302 Zenoni,
566 2242 588 2284 a
606 2242 670 2304 quo
690 2222 798 2305 coepit
816 2218 999 2286 Stoicorum
1016 2221 1127 2308 rigida

100 2332 137 2376 ac
160 2311 263 2374 virilis
287 2311 457 2395 sapientia,
479 2309 557 2374 satis
580 2313 720 2393 constat:
746 2331 825 2374 num
849 2332 926 2396 ergo
950 2311 1125 2394 quisquam

101 2420 155 2465 eos
185 2400 301 2465 misere
330 2400 449 2464 vixisse
477 2398 574 2478 dicet,
603 2401 641 2463 ut
667 2420 734 2462 non
760 2399 831 2482 ipse
858 2400 1056 2465 miserrimus
1080 2401 1124 2465 ob

65 2488 162 2556 choo
190 2489 338 2553 omnibus
366 2486 534 2552 videatur?
579 2486 746 2552 Menenius
769 2485 931 2573 Agrippa,
958 2489 1014 2572 qui
1037 2489 1125 2554 inter
1144 2512 1170 2554 rs

99 2581 207 2662 patres
235 2598 272 2642 ac
294 2577 421 2660 plebem
443 2576 592 2661 publicae
615 2577 737 2662 gratiae
760 2580 924 2661 sequester
946 2577 1023 2662 fuit,
1049 2600 1124 2644 aere

189 2788 205 2842 1
230 2785 460 2859 anlseoslletiores
479 2787 536 2854 A⁶;
559 2804 593 2843 ex
611 2787 653 2842 A1
674 2789 814 2856 scriptura
831 2794 902 2843 certo
919 2789 1123 2857 damnantia:

100 2859 294 2916 anelaetiores
316 2859 363 2914 secl
384 2859 457 2914 tator
475 2875 491 2914 e
509 2865 535 2914 et
552 2859 563 2912 l
580 2876 640 2914 aaa
658 2861 751 2914 littera
771 2859 843 2926 fuit,
863 2860 928 2927 fort.
943 2858 956 2928 j
976 2866 1045 2914 certe
1063 2877 1123 2915 aaa

100 2948 116 2985 ο
134 2931 144 3004 ll
161 2932 179 2986 2
197 2948 253 3001 quo
270 2931 340 3001 culp.
359 2929 435 2999 quod
449 2931 477 2985 A
498 2930 501 3002 l
523 2930 703 3000 distringitur
719 2930 789 3000 colu.
809 2930 899 2984 destr-
913 2930 941 2984 A
958 2930 969 3003 il
992 2929 1122 2985 3trans·

100 3019 196 3057 eamus
229 3018 360 3072 apespe
387 3018 444 3055 non
471 3001 656 3056 obueniamus
681 3002 709 3056 A
740 3003 775 3055 tr.
800 3017 868 3070 opes
894 3017 985 3070 paene
1012 3001 1121 3071 inopes,

99 3074 243 3130 veniamus
262 3074 381 3143 Mudcip
402 3074 438 3127 tr.
458 3073 621 3142 asperiores.
646 3085 697 3127 nos
716 3072 894 3129 obvertemus
908 3073 1066 3128 Feldmucm
1084 3076 1119 3128 tr.

100 3161 165 3201 are
184 3161 269 3214 saepe
287 3161 344 3199 non
362 3143 458 3211 obvia,
483 3144 634 3199 veniamus
647 3145 788 3200 Rossbach
809 3146 844 3198 tr.
865 3143 923 3198 alia
941 3144 1121 3213 prosperiora

99 3216 243 3284 obvenire;
259 3232 356 3273 eamus
369 3216 506 3272 Schultess
523 3217 558 3269 tr.
569 3216 663 3285 capite
678 3231 783 3283 censos,
797 3215 942 3270 veniamus
952 3217 1098 3286 Niemeyer
1110 3217 1121 3290 Η

98 3287 118 3343 8
134 3306 227 3345 rerum
245 3305 279 3343 ex
296 3304 392 3343 rurum
411 3303 479 3342 corr.
498 3287 575 3343 ΑΗ
600 3296 608 3355 q
636 3286 671 3341 lt
695 3286 858 3357 ignorantia
884 3288 994 3356 (ultima
1016 3289 1067 3344 liu.
1088 3290 1121 3343 ia

97 3364 235 3416 ruerat
252 3366 285 3414 ut
301 3359 368 3427 oid.)
382 3359 411 3413 A
427 3358 438 3431 ll
458 3357 494 3412 16
512 3362 694 3425 (excaecat,
713 3375 783 3427 quos
802 3358 887 3417 timor
904 3359 1119 3428 paupertatis>

98 3433 163 3487 add.
179 3432 284 3488 Vahlen
300 3430 310 3502 ii
328 3429 363 3484 21
383 3434 468 3484 serusr
480 3430 509 3487 A
528 3432 557 3500 (u
572 3431 637 3485 add.
650 3430 715 3498 fert.
730 3448 765 3484 m.
779 3433 807 3499 2)
826 3429 835 3503 Η
853 3428 888 3484 22
907 3445 981 3499 aquo
1000 3430 1077 3498 cepit
1091 3430 1120 3487 A

98 3503 208 3568 (cedd.
225 3503 305 3572 Μ)
329 3500 340 3574 j}
363 3500 401 3555 24
421 3500 594 3559 miserrimus
612 3502 640 3556 A
664 3503 703 3571 (m
721 3502 843 3570 priorem
860 3518 881 3556 c.
895 3519 920 3557 a.
935 3501 999 3557 add.
1014 3503 1092 3572 Μ)
1109 3502 1121 3575 Η

20 3634 29 3667 a
81 3571 125 3626 26
139 3573 199 3629 fuit
214 3572 365 3631 recentato
380 3572 423 3632 A¹
441 3580 475 3632 at
493 3573 561 3644 otc,
573 3590 645 3636 corr.
657 3574 719 3629 otto
734 3589 811 3631 moa.
