2400 3840
92 197 157 264 348
226 248 229 253 ,
283 194 313 248 L.
327 193 470 248 ANNAEI
488 192 653 250 SENECAE
671 193 766 251 DIAL,
781 193 848 249 LIB.
863 192 921 248 XII.

91 345 249 406 terrarum
281 340 388 404 hiatus
421 343 476 404 aut
507 340 617 422 aliqua
648 339 849 403 intoleranda
880 338 1019 404 infelicis
1055 340 1123 404 soli

91 431 172 495 vitia
195 431 370 513 eiecerrmt3
394 428 550 512 quosdam
572 428 688 494 fertilis
712 451 786 493 orae
810 428 899 492 etin
921 428 1025 492 maius
1048 429 1123 493 lau·

92 520 184 583 datae
207 519 294 583 fama
316 519 476 601 comupit.
522 518 603 582 alios
626 518 690 582 alia
713 539 810 583 causa
828 518 947 585 excivit
965 517 1122 585 domibus

56 609 172 674 esuis:
201 607 283 672 illud
311 607 425 691 utique
454 607 661 671 manifestum
690 610 751 689 est,
785 606 869 670 nihil
898 605 1011 674 eodem
1040 607 1122 673 loco

91 696 259 852 llll}
278 719 351 850 ll?
370 697 634 868 allude
656 695 1123 870 qqqqamgaqqqffl
1156 718 1168 760 ⁶

331 835 340 870 l

90 878 190 940 tatur:
219 897 304 940 nova
331 875 460 939 urbium
487 874 696 939 fundamenta
723 875 897 957 iaciuntur,
926 895 1012 938 nova
1040 896 1123 959 gen-

90 966 173 1030 tium
204 965 337 1029 nomina
369 964 519 1029 extinctis
550 964 712 1047 prioribus
745 966 800 1027 aut
832 964 867 1027 in
899 963 1123 1028 accessionem

90 1055 256 1119 validioris
284 1053 446 1119 conversis
475 1053 630 1117 oriuntur.
678 1073 787 1117 omnes
816 1055 923 1116 autem
951 1053 1031 1117 istae
1059 1075 1122 1136 po-

90 1145 242 1228 pulorum
283 1143 572 1227 transportationes
610 1140 688 1224 quid
725 1141 813 1205 aliud
850 1163 947 1225 quam
983 1141 1123 1224 publica
1141 1165 1168 1205 ro

56 1234 187 1298 oexilia
210 1231 307 1298 sunt?
344 1231 421 1314 quid
441 1234 473 1295 te
492 1233 558 1295 tam
577 1230 677 1315 longo
697 1230 867 1295 circumitu
885 1229 1001 1294 traho?
1037 1232 1122 1313 quid

91 1323 224 1387 interest
256 1342 442 1386 enumerare
473 1317 672 1384 Antenorem
703 1318 817 1384 Patavi
850 1319 1051 1384 conditorem
1087 1325 1122 1386 et

89 1411 279 1476 Euandrum
297 1410 332 1473 in
349 1410 421 1493 ripa
434 1408 559 1474 Tiberis
578 1430 679 1494 regna
692 1406 855 1474 Arcadum
870 1409 1122 1474 conlocantem?

92 1499 169 1582 quid
188 1498 368 1563 Diomeden
391 1498 549 1581 aliosque,
573 1518 653 1580 quos
672 1497 848 1565 Troianum
871 1498 992 1581 bellum
1010 1498 1120 1564 victos

56 1589 188 1654 usimul
217 1588 419 1669 victoresque
448 1609 505 1671 per
538 1587 658 1651 alienas
685 1590 786 1652 terras
815 1585 1006 1670 dissipavit?
1051 1585 1121 1653 Ro-
1140 1607 1165 1649 ιε

90 1699 222 1742 manum
258 1677 430 1760 imperium
465 1698 583 1760 nempe
619 1679 783 1741 auctorem
815 1677 942 1740 exulem
973 1676 1121 1762 respicit,

91 1788 186 1850 quem
216 1765 391 1852 profugum
426 1769 521 1850 capta
552 1765 672 1849 patria,
705 1766 837 1850 exiguas
869 1765 1022 1848 reliquias
1052 1768 1121 1831 tra-

89 1856 220 1921 hentem
253 1856 426 1921 necessitas
460 1858 492 1919 et
518 1855 651 1919 victoris
678 1858 783 1919 metus
810 1855 991 1940 longinqua
1021 1875 1121 1937 quae·

90 1949 213 2011 rentem
245 1946 281 2010 in
306 1943 434 2009 ltaliam
468 1944 591 2008 detulit.
637 1943 691 2008 hic
722 1943 836 2008 deinde
863 1943 1004 2027 populus
1035 1949 1121 2026 quot

90 2035 233 2101 colonias
257 2035 292 2098 in
315 2055 443 2098 omnem
461 2033 662 2116 provinciam
681 2032 782 2097 misit!
823 2033 1017 2115 ubicumque
1037 2033 1121 2098 vicit
1138 2054 1165 2095 so

90 2123 269 2208 Romanus,
296 2123 429 2187 habitat.
476 2121 515 2186 ad
544 2122 628 2186 hanc
656 2122 941 2187 commutationem
967 2121 1119 2188 locorum

89 2213 225 2279 libentes
248 2213 381 2277 nomina
404 2211 522 2276 dabant
546 2214 578 2274 et
595 2211 715 2276 relictis
735 2210 798 2276 aris
818 2211 884 2276 suis
904 2212 1120 2278 transmaria

55 2302 283 2384 8sequebatur
312 2302 445 2366 colonos
475 2322 578 2366 senex.
630 2322 681 2365 res
710 2299 838 2383 quidem
863 2322 930 2365 non
956 2299 1119 2366 desiderat

89 2390 233 2473 plurium
263 2391 550 2472 enumerationem3
580 2411 681 2453 unum
708 2392 818 2453 tamen
845 2389 995 2472 adiciam,
1026 2390 1117 2472 quod

90 2481 125 2542 in
148 2479 258 2543 oculos
285 2501 318 2543 se
341 2479 473 2564 ingerit:
495 2478 575 2543 haec
597 2478 669 2561 ipsa
691 2477 798 2543 insula
817 2500 910 2562 saepe
929 2479 993 2543 iam
1012 2478 1117 2544 culto-
1137 2499 1163 2541 aa

89 2590 140 2632 res
177 2568 322 2631 mutavit.
367 2570 405 2632 ut
431 2567 638 2651 antiquiora,
675 2588 757 2651 quae
793 2571 936 2633 vetustas
969 2567 1117 2654 obduxit,

89 2660 264 2740 transeam,
293 2655 435 2722 Phocide
464 2657 577 2721 relicta
605 2654 706 2739 Graii,
737 2657 793 2740 qui
822 2678 909 2722 nunc
935 2655 1117 2724 Massiliam

89 2747 249 2830 incolunt,
272 2746 362 2830 prius
385 2745 420 2808 in
442 2745 503 2810 hac
521 2746 628 2811 insula
646 2745 871 2829 consederunt,
895 2768 934 2810 ex
953 2766 1016 2829 qua
1035 2747 1118 2830 quid

90 2859 144 2902 eos
176 2836 349 2921 fugaverit,
379 2835 537 2900 incertum
567 2838 629 2918 est,
659 2838 768 2899 utrum
798 2836 879 2900 caeli
906 2835 1048 2920 gravitas
1072 2859 1117 2901 an

181 3066 196 3119 7
211 3081 346 3119 novarum
359 3063 473 3118 urbium
488 3064 648 3133 Wesenberp
665 3063 675 3135 Η
693 3063 729 3118 10
742 3063 858 3133 puplica
872 3064 901 3118 A
913 3063 929 3189 l
942 3063 977 3117 11
993 3063 1116 3120 circuitu

89 3137 117 3191 A
137 3136 257 3191 circuitu
279 3138 348 3206 oolp.
371 3135 382 3209 Η
405 3136 440 3190 17
459 3134 789 3206 reliquioafltrahentem
804 3134 846 3190 A⁸
862 3134 872 3208 ll
894 3134 912 3188 2
947 3134 1071 3190 habitat.
1085 3138 1116 3192 A

90 3211 181 3278 (oeae
200 3223 218 3262 a
232 3214 369 3277 moenem
386 3208 563 3262 substitutam
582 3209 631 3275 eat)
647 3205 711 3329 (ΨΒ
725 3205 838 3261 colonos
852 3222 936 3261 senex
950 3207 979 3261 A
997 3206 1115 3262 colonus

88 3280 223 3334 vexillum
249 3280 367 3348 Madoip
401 3277 593 3346 sequebantur
624 3293 656 3330 co
669 3293 736 3331 onos
767 3277 888 3331 Penates
920 3278 981 3333 Job.
1007 3280 1116 3335 Malles·

90 3351 204 3405 colonus
218 3366 305 3404 novas
319 3349 399 3404 sedes
409 3351 442 3404 P.
456 3350 574 3405 llsomaa
588 3348 644 3402 aris
658 3365 740 3403 suos.
752 3391 757 3402 .
770 3348 884 3402 colonus
898 3365 983 3403 senex
992 3351 1116 3418 Hostum

88 3422 221 3478 retiaetA
232 3423 399 3491 emptorem
408 3421 552 3487 Schultess,
561 3420 609 3474 aad
617 3425 707 3474 mutat
714 3421 746 3474 ia
754 3437 778 3475 o.
786 3423 825 3475 22
835 3418 956 3474 libentes
965 3438 994 3474 n.
1004 3419 1116 3478 dabant

88 3495 120 3547 ia
142 3494 272 3548 iuventus
296 3511 323 3547 n.
343 3491 432 3546 dabat
456 3491 467 3565 l}
490 3491 524 3545 27
543 3491 669 3546 Phocide
682 3491 711 3545 A
728 3493 786 3560 epae
805 3491 907 3548 Seneca
926 3491 980 3547 eid.
994 3507 1115 3548 masse:

74 3563 213 3621 Phocaea
230 3566 320 3623 sembi
336 3565 452 3622 debebca
471 3563 478 3640 l
503 3562 601 3637 graiill
620 3562 658 3619 A⁶
674 3563 759 3632 graui
772 3562 809 3616 A²
824 3568 970 3618 carcosam
982 3563 1014 3617 io
1028 3565 1115 3632 graii}
