2400 3840
91 189 134 252 '14
285 184 316 238 ι.
331 182 473 237 mrim
490 182 656 238 ιιιιιοιι
674 183 770 239 unu.
784 182 851 239 ιιι.
865 182 916 241 ιι.

55 331 192 395 ιιιιιιιι
221 329 405 413 adspectum
434 327 508 392 inde
536 334 585 393 est
612 328 699 413 quod
726 328 909 395 adridemus
933 330 1119 400 ridentibus

90 424 124 482 et
145 419 315 482 contristat
336 439 396 482 nos
418 418 512 481 turbs
534 419 743 483 maerentium
761 424 795 482 ιι
811 418 1061 489 effervescimus
1081 424 1118 489 sd

91 508 195 571 aliena
212 508 393 571 certamina
431 529 512 590 quse
529 529 596 572 non
615 509 716 571 sunt
707 530 786 591 rrae,
803 529 871 572 non
871 511 1001 610 magis
1021 534 1118 597 quam

90 596 223 659 tristitia
255 601 317 679 est,
353 618 434 681 quae
470 595 511 659 ad
546 600 753 680 conspectum
790 597 912 663 mimici
950 600 1118 701 naufragii

91 685 253 749 contrahit
273 686 425 768 frontem,
447 706 515 749 non
536 686 640 785 magis
658 708 755 768 quam
772 686 883 769 timor,
906 688 971 771 qni
992 688 1117 757 Hunni·
1138 708 1148 753 ι

90 775 162 838 bale
188 779 263 857 post
288 772 412 838 Cannas
439 775 566 838 moenis
593 774 836 839 circumsidente
857 774 1028 845 lectorum
1050 802 1117 865 per·

91 864 190 927 currit
219 864 356 947 animos,
386 863 442 927 sed
471 864 580 927 omnia
608 864 671 927 ista
699 868 806 928 motus
829 867 907 928 sunt
928 868 1116 934 animorum

91 974 211 1017 mosen
202 953 407 1017 nolentium
425 974 484 1016 nec
502 951 646 1016 adfectus
660 951 716 1017 sed
727 953 890 1053 principia
903 956 1117 1061 proludentia

55 1057 71 1104 6
89 1041 275 1106 adfectibus
321 1043 367 1107 sic
394 1042 480 1105 enim
503 1042 651 1105 militaris
673 1042 736 1105 viri
759 1042 792 1105 ιιι
814 1040 921 1106 medin
944 1066 1033 1128 paee
1055 1048 1116 1111 iam

89 1133 192 1216 togati
224 1153 316 1195 aures
345 1130 424 1194 tuba
452 1131 586 1195 suscitat
614 1151 777 1214 equosque
806 1134 992 1199 castrenses
1021 1137 1117 1222 erigit
1128 1152 1147 1193 ι

89 1222 230 1303 crepitus
271 1240 442 1283 armorum.
501 1218 720 1283 Alexandrum
761 1219 852 1283 aiunt
891 1218 1115 1308 Xenophanto

90 1312 222 1373 canente
245 1329 375 1371 manum
398 1306 439 1371 ad
462 1329 550 1371 arma
572 1309 706 1372 misisse

55 1431 70 1478 1
178 1411 234 1475 11].
266 1411 360 1476 Nihil
378 1435 418 1476 ex
435 1414 500 1496 his,
524 1436 605 1497 quae
624 1414 766 1478 animum
783 1414 920 1480 fortuito
938 1366 1115 1503 inpellunt,

90 1500 233 1565 adfectus
255 1503 364 1566 vocari
388 1501 493 1566 debet:
466 1504 590 1586 tista,
609 1506 647 1567 ut
663 1504 710 1566 ita
728 1503 846 1586 dicem,
863 1504 995 1587 petitur
1012 1510 1116 1596 magis

90 1591 215 1654 animus
239 1612 335 1673 quam
357 1590 443 1655 facit.
489 1613 566 1676 ergo
594 1591 737 1656 adfectus
760 1596 898 1656 estnon
920 1592 965 1659 ad
989 1598 1146 1663 oblutus

90 1701 196 1743 rerum
226 1681 347 1763 species
374 1681 509 1763 moveri,
537 1681 592 1744 sed
615 1682 798 1764 permittere
821 1703 855 1745 se
877 1682 946 1747 illis
971 1689 1009 1750 et
1030 1688 1117 1753 hunc

54 1784 70 1831 ι
89 1768 258 1832 fortuitum
286 1772 410 1834 motum
439 1770 599 1853 prosequi
651 1792 725 1835 nam
749 1771 777 1834 si
800 1771 873 1854 quis
894 1771 1065 1854 pallorem
1086 1779 1116 1841 et

88 1858 236 1922 lacrimas
272 1858 467 1960 procidentis
505 1862 537 1923 ιι
572 1859 783 1924 irritationem
819 1861 942 1924 umoris
982 1864 1115 1931 obsceni

89 1949 230 2012 altumve
259 1948 434 2033 suspirium
463 1951 495 2012 et
525 1949 636 2012 oculos
659 1947 766 2012 subito
789 1948 928 2013 acriores
951 1957 1016 2017 ant
1038 1952 1114 2038 quid

88 2038 139 2101 his
170 2038 273 2102 simile
302 2037 457 2102 indicium
487 2036 630 2101 adfectus
660 2037 822 2120 animique
849 2038 984 2122 signum
1012 2046 1113 2127 putat,
1126 2057 1146 2098 ιι

54 2126 212 2189 ιιι11ιιιιι
233 2148 292 2191 nec
315 2127 475 2211 intellegit
498 2126 642 2227 corporis
664 2127 725 2190 hos
748 2147 816 2189 esse
834 2126 957 2210 pulsus
1005 2132 1113 2217 itaque

89 2218 122 2277 et
142 2214 337 2279 fortissimus
359 2216 549 2299 plerumque
571 2216 621 2278 vir
645 2214 720 2278 dum
741 2218 883 2279 armatur
900 2218 1068 2301 expalluit
1083 2224 1113 2285 et

90 2302 184 2387 signo
214 2325 342 2387 pugnae
374 2304 448 2368 dato
480 2304 679 2368 ferocissimo
712 2305 808 2368 militi
839 2304 975 2387 paulum
1008 2331 1113 2395 genus

89 2395 333 2455 tremuerunt
301 2396 333 2455 e
346 2414 464 2478 magno
480 2394 602 2476 impera
602 2393 666 2456 tori
684 2395 855 2476 antequam
873 2394 959 2458 inter
972 2418 1012 2462 se
1030 2399 1111 2465 acies

90 2480 260 2543 arietarent
283 2502 339 2545 cor
361 2483 475 2545 exiluit
496 2487 529 2546 et
552 2483 672 2546 oratori
690 2482 954 2565 eloquentissimo
973 2484 1058 2553 dum
1074 2486 1144 2552 add

53 2584 70 2630 4
91 2567 259 2633 dicendum
277 2571 471 2654 conponitur
489 2592 613 2635 summa
631 2571 805 2655 riguerunt.
842 2571 891 2634 ira
903 2593 973 2636 non
986 2576 1111 2641 mereri

89 2661 214 2721 tantum
245 2658 338 2722 debet
367 2659 422 2722 sed
451 2681 631 2742 excurrere;
660 2662 709 2724 ιιι
737 2660 822 2724 enim
851 2660 999 2747 inpetus3
1021 2687 1112 2731 num·

90 2768 187 2829 quam
216 2751 323 2811 autem
352 2748 490 2832 impetus
521 2749 588 2812 sine
616 2748 752 2812 adsensu
779 2749 895 2813 mentis
918 2754 983 2835 est,
1007 2775 1111 2839 neque

89 2836 174 2899 enim
197 2835 267 2899 fieri
290 2840 398 2919 potest
419 2841 456 2901 ut
480 2837 517 2901 de
540 2837 662 2901 ult-ione
686 2841 719 2900 et
741 2858 845 2920 poena
865 2840 983 2922 agatur
1002 2845 1110 2909 animo

88 2925 256 2989 nesciente
311 2947 356 3008 pu
356 2927 438 2990 tavit
469 2949 502 2991 se
534 2927 650 3009 aliquis
682 2927 817 3010 laesum,
849 2927 957 2991 voluit
986 2932 1145 3015 ulciscis

178 3117 194 3172 1
213 3116 280 3171 inde
299 3117 436 3200 estquod
454 3119 481 3173 L
498 3119 566 3189 volq
583 3118 658 3172 idest
672 3119 748 3187 quod
761 3120 790 3173 A
808 3116 953 3187 iidemque
966 3122 1113 3252 Madespp

87 3188 308 3244 dlectorum..
329 3189 437 3243 enimes
458 3189 539 3244 Gertz
560 3191 671 3258 (editp
673 3192 757 3258 ,415)
782 3188 917 3244 lectoris
933 3207 1074 3253 ,ammon

87 3259 222 3316 lectoris
239 3261 386 3314 animum
405 3262 502 3315 Mmet
519 3259 529 3332 11
547 3260 581 3314 11
600 3260 801 3331 xenophontes!
816 3262 843 3329 (o
861 3277 896 3315 ιι
912 3277 986 3319 corr.
1005 3273 1035 3323 ιι
1051 3285 1113 3324 susi

88 3349 141 3387 rec.
155 3332 219 3473 serp.
234 3348 353 3387 amau
367 3330 464 3414 Α11
481 3330 517 3385 13
531 3347 565 3385 ex
580 3349 605 3385 ιι
618 3333 759 3388 Rossbach
764 3329 786 3434 11
803 3331 837 3386 17
851 3333 1022 3393 motumA
1041 3341 1113 3410 (tum

87 3404 119 3456 in
140 3421 194 3459 ras.
196 3403 247 3489 )11
266 3402 302 3458 18
319 3403 508 3457 ιιιιιοιιιιιιι
447 3405 568 3457 comio
589 3402 714 3457 humoris
732 3403 775 3458 A¹
784 3404 817 3472 (1)
842 3401 853 3474 11
876 3401 912 3457 le
933 3404 1068 3467 eltnmne
1085 3409 1113 3466 A

98 3490 388 3601 Ἥῖιιιιειι
336 3491 357 3528 u
374 3475 475 3528 lisseole
493 3474 607 3547 erae)[[
595 3473 663 3546 121
686 3473 784 3542 pulsus
804 3474 916 3556 Lcolp
935 3476 1039 3546 pulso.
1057 3480 1113 3554 Ap

235 3547 328 3615 tm
343 3546 388 3603 A¹
406 3563 476 3605 corr.
488 3474 616 3603 rodendi)
631 3546 671 3601 A
690 3492 957 3617 teloquentussiroop
957 3549 997 3601 A
