2400 3840
364 173 413 227 ou
431 173 496 228 ms
514 170 580 228 um.
595 173 615 229 1.
649 173 726 231 cnr.
742 180 784 229 u.
800 179 834 229 re
1062 179 1104 245 65

91 342 149 404 per
178 342 211 385 se
239 319 322 385 ratio
352 319 468 386 fortior
496 319 566 385 est?
609 343 684 384 nam
712 341 784 385 cum
808 320 961 385 iudicavit
983 322 1106 406 aliquid

91 408 285 492 faciendum,
316 409 352 472 in
383 431 421 473 eo
453 413 647 492 perseverat3
677 410 761 474 nihil
792 410 877 474 enlm
908 410 1022 476 melius
1058 411 1105 474 in-

90 501 225 563 ventura
247 501 296 563 cst
318 519 351 562 se
371 498 455 580 ipsa,
479 519 543 582 quo
562 502 716 562 mutetur:
738 498 810 563 ideo
834 501 898 564 stat
916 501 1014 566 semel
1032 521 1105 565 oon-

91 587 220 653 stitutis.
273 587 353 650 iram
390 608 484 670 saepe
519 586 737 652 misericordia
772 591 858 653 retro
895 589 974 674 egit3
1009 590 1140 653 habete

59 696 72 736 s
90 676 176 740 enim
197 698 265 741 non
285 675 424 741 solidum
441 677 540 741 robur
558 676 613 741 sed
630 698 749 741 vanum
766 680 925 741 tumorem
942 678 1105 743 violentis-

91 786 153 849 que
176 765 343 849 principiis
361 765 476 848 utitur,
498 787 565 829 non
583 765 676 829 allter
694 787 790 848 quam
809 766 866 848 qui
883 788 902 829 a
920 769 1005 830 terra
1017 767 1106 832 venti

92 858 229 939 surgunt
250 853 491 920 etfluminibus
516 853 751 938 paludibusque
775 854 922 938 concepti
945 856 1014 920 sine
1035 878 1105 939 per-

90 943 209 1007 tinacia
231 943 433 1008 vehementes
457 946 545 1008 sunt:
567 943 683 1026 incipit
700 965 817 1027 magno
836 942 973 1027 impetu,
992 945 1105 1008 deinde
1124 961 1140 1010 o

91 1031 200 1098 deficit
222 1037 295 1097 ante
318 1037 445 1117 tempus
468 1032 616 1117 fatigata,
637 1035 782 1115 et,'quae
800 1032 884 1096 nihil
901 1032 989 1096 aliud
1008 1055 1105 1117 quam

46 1140 72 1181 ιο
91 1121 311 1186 crudelitatem
334 1143 371 1186 ao
388 1143 474 1186 nova
492 1142 608 1206 genera
625 1142 802 1204 poenarum
819 1125 1013 1205 versaverat,
1031 1144 1105 1186 cum

91 1210 407 1281 animadvertendum
426 1214 486 1294 est,
509 1210 574 1274 iam
597 1210 699 1275 fracta
715 1210 862 1295 lenisque
880 1214 937 1276 est.
973 1211 1105 1276 affectus

91 1299 155 1364 cito
179 1300 277 1383 cadit,
300 1299 442 1384 aequalis
465 1303 515 1365 est
536 1299 628 1363 ratio.
674 1303 814 1364 ceterum
838 1301 934 1365 etiam
957 1300 1013 1365 ubi
1036 1315 1140 1383 per-o

91 1389 248 1454 severavit
270 1389 331 1472 ira,
357 1409 614 1472 nonnumquam,
642 1388 670 1452 si
692 1389 800 1473 plures
824 1392 900 1454 sunt
923 1389 979 1474 qui
1001 1390 1105 1473 perire

90 1481 287 1560 meruerunt,
316 1480 392 1561 post
421 1476 557 1541 duorum
584 1477 722 1542 triumve
749 1478 938 1564 sanguinem
962 1478 1106 1544 occidere

46 1586 72 1626 15
91 1567 215 1632 desinit.
260 1566 359 1649 primi
388 1566 456 1631 eius
486 1566 568 1631 ictus
599 1588 686 1631 acres
717 1570 805 1631 sunt:
836 1568 882 1632 sic
910 1569 1105 1651 serpentium

90 1676 213 1718 venena
231 1676 249 1716 a
267 1654 366 1717 cubili
385 1655 583 1737 erepentium
599 1658 730 1738 nocent,
751 1656 875 1720 innoxii
893 1655 1003 1721 dentes
1022 1660 1105 1740 sunt,

91 1764 165 1806 cum
194 1742 268 1807 illos
297 1741 447 1825 frequens
474 1764 599 1807 morsus
627 1744 781 1808 exhausit.
828 1766 904 1829 ergo
927 1767 994 1809 non
1016 1747 1140 1829 pariat

91 1829 258 1913 patiuntur
285 1830 342 1913 qui
370 1830 461 1914 paria
488 1832 725 1914 commiserant,
749 1835 781 1896 et
804 1854 897 1916 saepe
920 1834 977 1916 qui
999 1835 1105 1898 minus

92 1919 255 1983 commisit
285 1919 359 2002 plus
390 1919 525 2003 patitur,
562 1920 639 2003 quia
671 1920 841 1984 recentiori
874 1921 1017 1987 obiectus
1049 1926 1105 1987 est.

45 2029 73 2068 eo
92 2011 124 2072 et
146 2007 181 2071 in
203 2011 309 2072 totum
332 2008 508 2092 inaequalis
539 2011 600 2073 est:
629 2008 726 2073 modo
748 2009 835 2072 ultra
858 2031 955 2092 quam
979 2014 1107 2094 oportet

91 2097 243 2181 excurrit,
274 2096 371 2163 modo
401 2097 530 2163 citerius
561 2096 668 2162 debito
699 2097 832 2182 resistit3
860 2097 924 2163 sibi
951 2099 1037 2163 enim
1059 2100 1105 2164 in·

90 2187 202 2272 dulget
233 2190 266 2252 et
297 2208 337 2251 ex
366 2186 501 2251 libidine
533 2187 654 2252 iudicat
685 2189 718 2250 et
746 2187 856 2252 audire
883 2209 950 2253 non
976 2188 1048 2253 vult
1073 2192 1106 2254 et

89 2276 270 2360 patrocinio
299 2298 366 2342 non
394 2276 549 2361 relinquit
575 2275 685 2341 locum
714 2278 747 2340 et
776 2299 813 2341 ea
840 2279 928 2342 tenet
954 2299 1035 2362 quae
1058 2278 1112 2342 in·-

89 2365 174 2430 vasIt
204 2368 237 2430 et
268 2365 350 2449 eripi
382 2365 445 2431 sibi
475 2365 630 2431 iudicium
658 2387 765 2448 suum,
793 2366 890 2432 etiam
919 2367 946 2432 si
969 2388 1105 2450 pravum

43 2472 70 2514 es
90 2457 152 2536 est,
173 2476 240 2518 non
263 2455 347 2520 sinit

178 2541 296 2607 XVIII.
334 2541 430 2608 Ratio
460 2544 588 2627 utrique
617 2543 703 2627 parti
732 2548 859 2629 tempus
891 2544 959 2628 dat,
992 2544 1139 2613 deindc1

90 2629 332 2697 advocationem
368 2635 401 2697 et
436 2631 500 2697 sibi
534 2632 627 2715 petit,
664 2636 702 2697 ut
737 2633 943 2698 excudendas
976 2633 1105 2698 veritati

90 2719 231 2804 spatium
261 2720 390 2785 habeat:
422 2721 470 2785 ira
500 2720 639 2786 festinat.
685 2722 768 2786 ratio
800 2722 833 2786 id
864 2721 1005 2790 iudicare
1034 2722 1106 2786 vult

90 2809 177 2892 quod
206 2831 316 2874 aecum
346 2814 407 2875 est:
436 2810 485 2874 ira
506 2809 540 2873 id
563 2831 675 2874 aecum
697 2810 799 2874 videri
821 2810 893 2875 vult
915 2811 1001 2895 quod
1024 2811 1104 2876 iudi·

43 2918 70 2958 co
89 2899 182 2964 cavit.
227 2899 310 2963 ratio
337 2899 385 2962 nil
411 2902 537 2982 praeter
559 2899 667 2989 ipsum
690 2898 728 2963 de
751 2920 815 2982 quo
839 2899 946 2985 agitur
968 2904 1102 2984 spectat:
1122 2917 1138 2966 a

177 3037 196 3091 t)
214 3036 309 3093 deficit
323 3050 340 3091 ς
353 3036 459 3093 defecit
471 3040 499 3093 A
516 3037 527 3111 ΙΙ
544 3038 578 3093 11
593 3038 651 3092 iam
665 3037 757 3092 fracta
771 3038 869 3093 eret
884 3038 943 3093 iarn
956 3039 1000 3093 ire
1013 3039 1104 3093 fracta

88 3111 126 3177 A,
138 3110 186 3164 ced
199 3109 243 3164 ira
256 3126 291 3164 ecc
303 3125 371 3165 corr.
384 3109 426 3164 Αι
439 3116 528 3165 ortam
540 3110 595 3164 oid.
614 3108 624 3182 ΙΙ
643 3109 677 3164 15
690 3109 777 3179 primi
789 3109 832 3164 A¹
844 3125 913 3165 corr.
927 3127 962 3165 ea·
974 3109 1081 3180 primus
1098 3111 1101 3180 l

88 3180 130 3235 sic
143 3182 171 3236 A
178 3181 206 3235 L
223 3181 297 3235 sicut
311 3181 380 3250 oolp.
386 3201 397 3247 ;
414 3181 487 3235 illud
498 3182 593 3249 utique
605 3181 763 3248 tenendum
777 3181 901 3250 exempla
914 3182 1021 3251 collepit
1039 3180 1104 3235 Utl:

88 3258 189 3322 quaeat
204 3255 263 3308 crit.
277 3254 309 3307 iu
322 3251 385 3309 Sea.
400 3252 467 3306 dial.
477 3252 553 3306 Dies.
563 3252 738 3322 Aryeotorct.
749 3256 820 3307 1899
833 3268 864 3320 p.
874 3255 910 3305 53
923 3251 933 3324 ll
946 3251 981 3305 lo
993 3266 1104 3306 uenena

87 3323 117 3379 A
134 3325 181 3379 ced
198 3340 234 3379 ne
256 3341 278 3379 e.
292 3341 317 3379 o.
334 3323 421 3378 adeor.
439 3321 482 3377 A'
502 3321 505 3394 l
529 3322 624 3376 iuoxii
636 3323 665 3377 A
682 3323 730 3377 aed
746 3323 873 3378 wiotum
890 3322 902 3375 i
920 3323 984 3377 cdd.
1000 3324 1032 3377 ia
1049 3324 1104 3391 fine

87 3411 181 3450 verm
194 3394 237 3450 A'
253 3394 264 3467 ll
281 3394 316 3450 18
330 3393 499 3449 comiserunt
512 3394 541 3450 A
557 3393 756 3449 commiserunt
769 3393 883 3448 Fickert
899 3409 935 3447 cc
951 3406 969 3446 ς
985 3392 1055 3463 tlt‘t
1064 3409 1116 3442 us

88 3466 197 3521 centior
209 3465 251 3520 A¹
264 3481 332 3520 corr.
347 3463 390 3519 A'
406 3463 416 3537 Η
433 3463 469 3519 29
484 3479 570 3550 qqum
584 3465 614 3520 A
629 3470 749 3536 utroque
761 3465 844 3532 mco,
861 3463 912 3517 scd
930 3479 960 3528 q
971 3477 1010 3515 ec
1027 3476 1047 3510 u
1064 3471 1144 3508 eon.

88 3535 131 3592 A·
148 3536 154 3608 l
174 3535 265 3590 uideri
284 3533 347 3591 uult
365 3548 383 3592 s
399 3535 495 3595 niden
513 3555 574 3595 non
590 3536 661 3594 uult
676 3540 706 3596 A

130 3641 248 3687 daurom
260 3653 348 3692 orum
362 3649 410 3692 1.1.
422 3650 458 3695 ed
469 3652 613 3696 Hermes.
929 3641 954 3691 Β
