2400 3840
313 197 362 253 ΒΕ
380 198 446 253 IRA
463 198 532 256 ΜΒ.
545 198 592 255 111.
626 198 702 257 cle.
718 205 761 257 17.
777 205 810 254 18
847 251 850 256 a
1013 203 1075 271 127

57 345 178 411 Clitum
201 344 402 410 carissimum
426 345 488 409 sibi
511 348 543 409 et
565 367 630 408 una
657 345 827 410 educatum
854 347 938 410 inter
966 347 1076 430 epulas

55 433 229 500 transfodit
251 455 350 498 manu
373 434 503 517 quidem
527 456 598 518 sua,
627 455 742 517 parum
769 435 953 499 adulantem
976 439 1008 499 et
1030 436 1077 518 pi-

56 545 113 610 gre
131 545 172 588 ex
184 522 359 588 Macedone
377 544 415 588 ac
427 523 530 587 libero
544 523 580 587 in
593 521 755 588 Persicam
774 524 961 589 servitutem
974 527 1077 590 trans-

56 616 195 681 euntem.
236 633 311 676 nam
333 610 564 696 Lysimachum
592 634 692 695 aeque
714 611 906 677 familiarem
929 613 991 678 sibi
1012 613 1111 678 leo-2

22 722 38 764 s
56 703 92 766 ni
110 701 235 767 obiecit.
266 700 413 783 nunquid
431 721 508 786 ergo
526 700 581 766 hic
598 700 810 784 Lysimachus
828 701 982 767 felicitate
1002 723 1078 786 qua-

57 791 131 856 dam
159 790 307 855 dentibus
329 790 433 855 leonis
456 790 584 873 elapsus
608 790 648 854 ob
672 789 749 874 hoc,
778 811 853 855 cum
875 791 944 874 ipse
966 813 1078 876 regna·

56 884 121 962 ret,
142 880 253 944 mitior
275 879 360 943 fuit?
404 900 480 942 nam
499 878 732 962 Telesphorum
750 877 915 944 Rhodium
937 880 1077 944 amicum
1097 897 1113 944 3

57 990 153 1033 suum
184 968 326 1052 undique
356 967 571 1051 decurtatum,
602 989 676 1033 cum
704 991 796 1034 aures
823 969 873 1032 illi
899 990 1078 1051 nasumque

57 1057 261 1140 abscidisset,
288 1058 323 1120 in
352 1078 449 1122 cavea
475 1057 565 1122 velut
591 1078 712 1122 novum
740 1057 872 1141 aliquod
904 1057 1024 1123 animal
1046 1060 1078 1121 et

12 1169 39 1208 ro
57 1146 259 1212 inuisitatum
283 1146 339 1210 diu
357 1146 461 1230 parit,
483 1168 558 1212 cum
581 1147 646 1211 oris
670 1146 851 1211 detruncati
873 1147 1077 1228 mutilatique

58 1235 245 1300 deformitas
272 1235 447 1300 humanam
470 1235 585 1300 faciem
609 1235 813 1320 perdidisset3
841 1235 1011 1301 accedebat
1033 1234 1078 1299 fa·

58 1347 125 1390 mes
151 1328 184 1391 et
202 1325 333 1409 squalor
351 1328 384 1390 et
405 1325 543 1389 inluvies
567 1326 711 1408 corporis
729 1326 765 1389 in
787 1328 926 1391 stercore
949 1345 1007 1390 suc
1027 1324 1079 1389 de-

58 1415 180 1498 stituti3
198 1415 327 1479 callosis
347 1435 443 1497 super
456 1413 536 1479 haec
549 1414 685 1499 genibus
703 1415 932 1497 manibusque,
951 1435 1030 1498 quas
1044 1414 1079 1478 in
1097 1431 1114 1478 4

57 1525 152 1569 usum
185 1503 303 1586 pedum
333 1504 501 1587 angustiae
529 1503 595 1568 loci
625 1504 796 1588 cogebant,
824 1504 979 1569 lateribus
1002 1524 1078 1568 uero

13 1611 39 1653 1⁶
58 1591 180 1656 adtritu
198 1592 387 1656 exulceratis
405 1612 473 1655 non
490 1591 597 1656 minus
616 1591 711 1656 foeda
724 1614 821 1675 quam
840 1592 992 1658 terribilis
1011 1596 1080 1657 erat

58 1681 164 1745 forma
186 1680 254 1743 eius
277 1679 472 1762 uisentibus,
498 1679 667 1762 factusque
690 1702 795 1763 poena
817 1704 875 1746 sua
897 1684 1079 1746 monstrum

59 1766 311 1831 misericordiam
336 1787 463 1849 quoque
486 1768 645 1832 amiserat.
688 1766 810 1851 tamen,
832 1790 906 1834 cum
930 1769 1080 1834 dissimil-

58 1857 156 1919 limus
180 1858 263 1919 esset
280 1855 407 1919 homini
430 1857 486 1938 qui
509 1856 566 1919 illa
588 1856 783 1940 patiebatur,
806 1856 993 1922 dissimilior
1012 1862 1080 1921 erat

60 1944 116 2028 qui
135 1943 279 2009 faciebat.

14 2055 41 2095 so
148 2030 266 2098 XVHI.
295 2031 427 2098 Utinam
448 2033 511 2098 ista
530 2034 663 2098 saeuitia
681 2034 767 2098 intra
785 2034 954 2120 peregrina
976 2052 1114 2099 exem-1

59 2123 114 2207 pla
132 2122 303 2188 mansisset
324 2143 385 2187 nec
407 2123 442 2186 in
461 2120 625 2187 Romanos
645 2144 750 2187 mores
772 2144 847 2188 cum
871 2123 943 2187 aliis
966 2122 1081 2187 adven-

59 2212 146 2277 ticiis
156 2211 245 2276 vitiis
260 2212 357 2276 etiam
372 2211 606 2295 suppliciorum
621 2213 804 2294 irarumque
818 2211 966 2277 barbaria
979 2215 1081 2277 trans·

58 2302 150 2366 issetl
185 2300 228 2366 Μ.
249 2300 367 2384 Mario,
394 2301 447 2366 cui
465 2301 598 2366 uicatim
616 2301 757 2384 populus
777 2304 899 2367 statuas
920 2305 1080 2386 posuerat,

59 2391 113 2455 cui
130 2392 201 2455 ture
225 2412 262 2455 ac
280 2391 356 2455 rino
381 2390 597 2474 supplicabat,
614 2390 650 2456 L.
670 2387 762 2455 Sulla
780 2391 957 2476 praefringi
979 2412 1081 2474 crura,

15 2478 129 2543 acerui
152 2479 277 2562 oculos,
303 2480 466 2562 amputari
487 2480 646 2566 linguam,
670 2501 783 2546 manus
802 2480 898 2545 iussit
919 2482 965 2564 et,
989 2481 1081 2564 quasi

59 2567 179 2632 totiens
203 2567 362 2633 occideret
385 2568 534 2652 quotiens
558 2569 761 2652 malnerabat,
788 2569 946 2652 paulatim
969 2572 1002 2634 et
1024 2592 1081 2653 per

59 2656 206 2741 singulos
229 2659 317 2721 artus
339 2657 500 2722 laceravit.
537 2658 609 2740 quis
632 2660 701 2722 erat
723 2658 819 2723 huius
842 2659 970 2743 imperii
987 2658 1115 2723 mini-a

59 2744 147 2810 ster?
193 2745 264 2829 quis
287 2746 352 2811 nisi
375 2744 513 2810 Catilina
542 2747 607 2811 iam
637 2748 672 2810 in
699 2769 794 2812 omne
817 2747 941 2813 facinus
965 2770 1079 2813 manus

150 2919 169 2974 4
192 2921 267 2990 (item
287 2920 314 2990 5)
342 2921 559 2989 lysimmachum
581 2923 610 2977 A
637 2922 647 2995 Η
672 2923 690 2977 9
718 2924 748 2978 et
774 2922 950 2977 invisitatum
979 2922 1082 2978 Gruter

60 2997 88 3046 et
111 2992 281 3046 inusitatum
300 2991 377 3046 A⁶L
401 2991 411 3064 Η
441 2992 476 3046 11
499 2993 671 3062 perdidisset
697 3011 766 3050 corr.
789 3011 823 3050 ee
844 2993 1055 3062 perdiditsetA
1071 2993 1082 3066 ll

61 3061 98 3117 18
117 3061 228 3116 callosis
247 3079 315 3118 corr.
330 3080 364 3118 ex
383 3063 484 3118 caloris
502 3065 566 3132 fert.
581 3064 623 3119 A¹
640 3064 651 3137 11
668 3064 703 3120 18
722 3065 855 3133 quilnilla
868 3065 911 3120 A¹
928 3081 997 3120 corr.
1012 3063 1055 3119 A¹
1072 3071 1083 3126 ΙΙ

60 3132 98 3187 24
116 3140 181 3202 post
199 3134 300 3188 acuino
314 3136 343 3189 A
361 3135 413 3190 litt.
432 3135 460 3188 N
476 3136 569 3203 babet,
588 3153 671 3205 qaam
689 3135 732 3192 A¹
750 3138 864 3206 promtis
883 3137 1005 3202 maasia
1021 3135 1080 3190 scil.

60 3207 94 3259 in
116 3203 174 3260 cod.
194 3207 340 3277 archetypo
362 3213 429 3262 notu
452 3209 617 3276 meruissetis
638 3209 683 3262 tic
704 3208 762 3275 fcit
787 3208 790 3280 l
818 3207 994 3277 supplicaret
1011 3222 1073 3261 corr

62 3275 161 3343 Gertz
177 3293 234 3332 acu
252 3278 350 3332 accedo
374 3277 377 3349 l
404 3277 478 3348 sylla
491 3278 534 3333 A⁶
556 3277 566 3350 Η
588 3278 624 3333 25
641 3279 769 3348 linguam
785 3278 829 3335 A²
846 3279 914 3345 del.;
930 3280 963 3333 ic
980 3278 1007 3332 L
1025 3294 1082 3333 noc

61 3352 166 3413 esctun
184 3349 330 3416 <auris>
353 3348 481 3418 linguam
500 3367 536 3403 m.
557 3349 640 3406 Gertz
665 3349 668 3422 l
695 3351 824 3406 iussisset
842 3351 871 3404 et
889 3348 940 3416 A¹,
958 3365 1027 3405 corr.
1046 3367 1081 3403 m.

61 3421 147 3484 1-2,
165 3418 263 3474 dende
280 3420 404 3475 radendo
417 3420 460 3476 Αὖ
481 3419 494 3504 ll
514 3420 550 3475 26
568 3420 709 3475 occideret
727 3423 752 3491 (r
769 3423 801 3477 in
818 3422 886 3489 raa.)
904 3420 933 3475 A
954 3419 967 3492 ll
987 3419 1021 3475 2⁷
1040 3419 1082 3498 la·

61 3489 171 3543 cerauit
189 3490 216 3544 L
233 3496 265 3545 ut
282 3492 351 3561 colp.
371 3490 510 3546 lacerabit
523 3493 574 3560 A¹,
593 3492 604 3546 i
622 3509 692 3548 corr.
707 3494 742 3548 iu
758 3509 780 3547 a
796 3492 833 3548 Aa
853 3499 889 3547 ut
904 3492 969 3544 ctu.
979 3490 1108 3558 Qum

59 3576 118 3615 ao.
133 3560 196 3615 cdd.
212 3560 261 3628 A’,
280 3563 311 3618 in
330 3567 405 3620 mu
423 3563 505 3622 tabet
525 3564 552 3620 L
