2400 3840
327 169 376 223 11
394 169 459 224 ms
477 169 544 225 ma.
558 169 593 225 1.
627 168 817 226 ornasse.
834 175 867 224 ar
1063 172 1106 240 95

89 314 190 399 sitim,
214 315 270 400 qui
292 337 392 400 puero
416 316 500 380 male
523 315 659 380 diluenti
681 315 788 380 nivem
812 314 982 381 irascitur?
1016 316 1107 381 nulla

88 405 197 488 itaque
219 425 270 470 res
293 404 397 490 magis
420 404 618 470 iracundiam
642 403 700 469 alit
723 425 819 488 quam
842 404 970 470 luxuria
991 403 1107 470 intem·

88 514 203 579 perans
234 497 267 558 et
296 493 469 577 inpatiens:
506 493 584 558 dure
613 494 798 559 tractandus
826 493 952 559 animus
980 497 1041 577 est,
1069 497 1107 559 ut

88 583 189 649 ictum
212 603 280 647 non
302 581 421 648 sentiat
442 582 505 647 nisi
528 603 667 668 gravem.

57 693 69 734 a
178 669 295 736 XXVI.
332 669 504 736 Irascimur
533 675 590 736 aut
618 671 673 756 iis,
702 695 721 737 a
750 671 868 756 quibus
894 695 935 737 ne
963 671 1140 757 acciperes

89 761 219 844 quidem
246 761 412 844 potuimus
439 760 604 842 iniuriam,
626 764 683 825 ant
704 761 759 844 iis,
781 783 800 825 a
823 760 940 846 quibus
963 761 1107 846 accipere

88 849 239 914 iniuriam
266 850 440 934 potuimus.
486 872 526 915 ex
552 850 713 935 prioribus
740 850 896 934 quaedam
919 849 988 916 sine
1010 867 1142 916 sensus

90 942 178 1023 sunt,
210 942 248 1003 ut
277 938 373 1023 liber,
405 960 501 1023 quem
537 938 766 1004 minutioribus
786 939 918 1005 -libtaris
950 939 1106 1024 scriptum

89 1048 184 1112 saepe
213 1027 407 1112 proiecimus
435 1032 468 1094 et
494 1028 684 1094 mendosum
706 1027 931 1112 laceramus,
953 1033 991 1093 ut
1012 1029 1107 1093 vesti·

44 1139 71 1179 11
89 1121 211 1201 menta,
244 1138 339 1202 quae,
371 1118 448 1202 quia
479 1116 706 1202 displicebant,
737 1117 902 1183 scidimus:
933 1117 985 1182 his
1012 1117 1108 1182 irasci

90 1227 186 1289 quam
210 1209 347 1272 stultum
375 1211 438 1290 est,
465 1227 547 1291 quae
569 1206 650 1271 iram
673 1210 817 1272 nostram
839 1227 900 1272 nec
922 1210 1108 1272 merueumt

88 1316 148 1361 nec
179 1297 336 1362 sentiuntl
389 1295 460 1361 ‘sed
493 1295 660 1361 offendunt
690 1316 750 1361 nos
782 1295 932 1361 videlicet
964 1295 1020 1379 qui
1051 1295 1143 1360 illas

89 1384 255 1450 fecerunt?
299 1386 441 1471 primum
471 1405 566 1470 saepe
593 1387 765 1469 antequam
791 1384 856 1451 boc
878 1388 957 1468 aput
978 1405 1038 1450 nos
1062 1383 1107 1447 di-

90 1473 292 1560 stinguamus
326 1474 502 1540 irascimur.
557 1473 672 1539 deinde
706 1473 843 1540 fortasse
879 1473 943 1558 ipsi
979 1493 1107 1558 quoque

45 1584 71 1625 15
90 1563 229 1627 artifices
252 1563 474 1629 excusationes
497 1563 598 1628 iustas
621 1564 767 1628 afferent:
806 1563 888 1628 alius
911 1583 978 1628 non
1000 1562 1109 1646 potuit

90 1651 206 1715 melius
235 1650 340 1716 facere
370 1673 467 1735 quam
496 1649 587 1736 fecit,
613 1674 673 1717 nec
700 1652 741 1716 ad
765 1655 855 1717 tuam
879 1651 1108 1717 contumeliam

91 1760 205 1822 parum
229 1739 354 1823 didicit3
376 1741 458 1805 alius
481 1761 549 1805 non
570 1741 605 1804 in
626 1740 690 1806 hoe
712 1744 750 1805 ut
771 1744 804 1806 te
827 1741 1003 1806 offenderet
1022 1740 1107 1806 fecit.

93 1826 133 1891 ad
151 1827 303 1892 ultimum
322 1827 399 1911 quid
418 1831 467 1893 est
485 1827 665 1894 dementius
684 1850 781 1912 quam
800 1829 898 1894 bilem
912 1829 947 1893 in
959 1827 1108 1893 homines

92 1916 261 1981 collectam
293 1916 328 1981 in
358 1937 409 1982 res
442 1915 625 1982 effamdere‘?
674 1917 765 2001 atqui
791 1921 829 1982 ut
855 1917 907 1982 bis
934 1916 1030 1981 irasci
1057 1917 1146 1982 de-4

46 2027 74 2068 so
92 2005 209 2070 mentis
239 2008 301 2090 est,
328 2027 410 2089 quae
438 2005 546 2071 anima
572 2010 695 2090 carent,
717 2007 764 2071 sic
786 2006 885 2071 mutis
907 2004 1110 2087 animalibus,

92 2117 173 2181 quae
205 2096 329 2160 nullam
360 2094 512 2160 iniuriam
540 2094 635 2161 nobis
664 2095 801 2179 faciunt,
831 2093 907 2179 quia
932 2094 1016 2159 velle
1042 2115 1110 2160 1ο1

90 2188 242 2270 possunt3
263 2205 331 2250 non
354 2188 403 2250 est
425 2183 512 2250 enim
534 2184 652 2250 iniuria
673 2184 737 2250 nisi
760 2206 779 2249 a
801 2183 936 2250 consilio
955 2183 1108 2269 profecta.

90 2294 206 2339 nocere
234 2273 345 2359 itaque
373 2273 469 2340 nobis
498 2277 635 2359 possunt
657 2277 695 2339 ut
716 2273 837 2339 ferrum
861 2276 918 2338 aut
939 2273 1036 2358 lapis,
1061 2273 1109 2337 in-

90 2363 206 2429 iuriam
231 2363 361 2447 quidem
383 2363 488 2429 facere
509 2384 577 2429 non
598 2366 743 2447 possunt.
780 2362 870 2448 atqui
893 2361 1056 2428 contemni
1074 2378 1145 2427 seo

45 2472 73 2513 25
92 2452 223 2536 quidam
241 2456 371 2539 putant,
390 2453 447 2518 ubi
464 2451 549 2518 idem
568 2453 643 2538 equi
661 2452 875 2537 obsequentes
892 2451 985 2517 alteri
998 2451 1110 2536 equiti,

93 2541 185 2605 alteri
213 2544 417 2607 contumaces
445 2546 535 2626 sunt,
556 2546 710 2625 tauquam
732 2541 866 2626 iudicio,
888 2562 955 2607 non
977 2562 1109 2607 consue-

91 2629 204 2694 tudine
222 2633 255 2695 et
273 2634 340 2696 arte
358 2631 517 2696 tractandi
534 2630 690 2716 quaedam
704 2631 897 2714 quibusdam
915 2629 1109 2696 subiectiora

92 2719 165 2784 sint.
203 2718 294 2804 atqui
316 2723 354 2784 ut
375 2719 426 2785 his
449 2720 544 2786 irasci
566 2721 703 2785 stultum
722 2724 783 2804 est,
801 2721 848 2786 ita
865 2718 973 2806 pneris
993 2723 1025 2785 et
1042 2734 1145 2784 nono

91 2808 231 2873 multum
251 2831 270 2873 a
288 2831 460 2893 puerorum
478 2809 650 2895 prudentia
668 2809 876 2893 distantibus3
895 2808 1003 2874 omnia
1021 2808 1108 2873 enim

46 2918 74 2959 so
92 2898 155 2963 ista
190 2901 322 2982 peccata
358 2901 438 2983 aput
474 2918 613 2982 acquum
648 2897 788 2965 iudicem
826 2919 885 2982 pro
925 2896 1109 2963 innocentia

92 2986 213 3051 habent
235 2986 482 3070 inprudentiam.

181 3073 315 3141 XXVII.
352 3074 515 3154 Quaedam
543 3080 620 3142 sunt
643 3098 725 3160 quae
747 3097 863 3142 nocere
884 3097 952 3142 non
972 3076 1110 3159 possunt
1128 3090 1144 3139 1

91 3166 279 3249 nullamque
302 3165 368 3231 vim
391 3165 455 3230 nisi
477 3165 653 3232 beneficam
673 3169 705 3231 et
723 3166 895 3231 salutarem
917 3164 1052 3245 habent,
1072 3165 1109 3226 ut

182 3322 218 3377 18
235 3321 323 3378 bilem
340 3321 370 3385 (b
389 3339 423 3378 ec
440 3341 459 3377 u
477 3323 531 3379 vid.
546 3324 626 3392 corr.)
640 3324 668 3378 A
692 3320 702 3395 ll
726 3322 762 3377 19
784 3321 865 3390 atqui
882 3337 951 3376 corr.
970 3335 1004 3374 ex
1021 3317 1109 3388 adqui

93 3396 169 3449 A¹·¹
184 3395 258 3462 (item
270 3412 294 3450 o.
309 3396 355 3464 24)
373 3396 419 3449 bie
430 3402 456 3450 et
468 3412 492 3450 o.
506 3399 544 3450 28
562 3395 648 3462 atque
661 3394 771 3450 malunt
788 3393 954 3460 Wesenberq
967 3397 997 3443 et
1008 3389 1136 3450 (1111111

91 3464 128 3519 25
146 3462 332 3534 obsequentes
347 3466 375 3519 A
392 3464 439 3534 (ob
457 3469 490 3520 iss
506 3481 564 3522 rus.
578 3483 615 3522 m.
630 3468 647 3521 5
670 3481 724 3538 pro
740 3465 813 3536 post
828 3469 865 3518 ut
880 3461 958 3527 utba
971 3455 1062 3528 qut
1073 3465 1149 3514 W·

93 3538 159 3590 sunt
176 3536 205 3590 L
221 3536 331 3607 111119.
350 3536 462 3607 possint
477 3540 507 3597 A
524 3538 644 3612 possint
662 3546 690 3598 ct
703 3536 849 3594 babeant
868 3532 961 3588 (la-ta
