2400 3840
213 197 264 251 AD
284 195 498 252 GALLIONEM
516 196 565 250 DE
584 194 672 251 VITA
690 196 814 251 BEATA
833 195 909 259 CAP.
926 202 959 252 16
1033 199 1099 266 213

80 343 233 409 cultatem
264 341 342 409 sciet
371 342 477 428 legem
507 363 575 408 esse
603 345 736 407 naturae
766 346 798 407 11
820 342 983 408 utbonus
1006 344 1099 409 miles

79 432 161 497 feret
182 432 326 516 volnera,
354 430 536 496 numerabit
562 430 740 515 cicatrices,
767 435 799 496 11
826 433 1100 498 transverberatus

79 521 153 587 telis
171 521 311 586 moriens
331 521 451 585 amabit
469 542 556 604 eum,
575 542 634 603 pro
655 541 718 603 quo
738 521 843 603 cadet,
861 521 1099 605 imperatorem3

78 610 210 675 habebit
227 609 309 674 illud
327 611 362 673 in
380 609 487 674 animo
502 613 593 684 vetus
607 612 828 694 praeceptum:
846 609 942 674 deum
955 611 1099 695 sequeret

48 700 227 784 equiequis
257 701 365 764 autem
394 698 538 781 queritur
560 701 593 763 et
614 699 721 782 plorat
744 702 776 763 et
800 699 914 784 gemit,
944 699 1135 783 imperatas

79 788 184 853 facere
210 787 244 851 vi
276 787 404 873 cogitur
436 791 468 852 et
499 787 619 853 inritus
651 788 776 871 rapitur
807 788 847 851 ad
879 788 967 853 iussa
996 789 1100 854 nihile

80 877 194 942 minus.
242 897 322 959 quae
352 879 459 940 autem
488 876 648 941 dementia
679 880 728 942 est
754 877 863 960 potius
890 877 976 940 trahi
1004 898 1101 961 quam

80 965 185 1049 sequit
229 968 297 1030 tam
327 987 378 1030 me
408 965 554 1031 hercules
583 986 679 1049 quam
710 965 848 1032 stultitia
878 969 911 1030 et
939 965 1100 1051 ignoratio

80 1054 278 1123 condicionis
302 1058 351 1120 111
374 1077 449 1121 suae
473 1054 592 1138 dolere,
617 1054 704 1138 quod
727 1054 797 1120 dest
821 1054 943 1139 aliquid
965 1054 1027 1118 tibi
1045 1057 1102 1119 111

33 1168 63 1209 11
79 1144 194 1209 incidit
217 1143 341 1228 durius,
365 1165 465 1228 aeque
488 1144 598 1208 mirari
621 1146 677 1207 111
696 1143 827 1229 indigne
844 1144 928 1208 ferre
946 1165 996 1227 ea,
1020 1164 1101 1226 quae

79 1236 146 1298 tam
168 1234 262 1299 bonis
286 1233 436 1300 accidunt
459 1254 556 1318 quam
579 1233 686 1316 maiis,
715 1233 847 1298 morbos
870 1233 957 1316 dico,
979 1233 1101 1316 funera,

80 1322 259 1389 debilitates
287 1326 319 1387 et
346 1326 451 1388 cetera
480 1344 520 1386 ex
542 1326 723 1388 transverso
747 1323 782 1386 in
804 1322 904 1386 vitam
926 1321 1101 1386 humanam

79 1411 283 1478 incurrentia.
324 1411 478 1497 quicquid
501 1434 541 1475 ex
562 1412 704 1477 universi
727 1411 957 1477 constitutione
980 1412 1136 1496 patient

80 1501 156 1564 dum
176 1505 234 1585 111,
251 1522 368 1585 magno
388 1500 583 1583 suscipiatur
595 1501 717 1564 animo:
736 1501 853 1566 adhoc
867 1503 1101 1566 sacramentum

34 1610 61 1652 rs
80 1589 185 1655 adacti
215 1611 339 1671 sumus,
369 1589 451 1652 ferre
479 1589 629 1654 mortalia
651 1611 711 1655 nec
733 1589 914 1673 perturbari
936 1590 990 1673 iis,
1021 1611 1101 1674 quae

80 1678 181 1742 vitare
204 1699 272 1742 non
290 1680 338 1743 111
355 1680 484 1742 nostrae
503 1679 681 1761 potestatis.
719 1678 753 1741 in
771 1701 871 1764 regno
890 1679 959 1742 nati
977 1700 1101 1744 sumus:

81 1765 140 1830 deo
163 1787 274 1849 parere
296 1765 427 1831 libertas
451 1768 507 1830 est.

170 1869 256 1936 XVI.
293 1870 382 1957 Ergo
414 1872 449 1935 in
479 1871 599 1936 virtute
631 1872 737 1955 posita
766 1876 816 1937 est
845 1894 921 1936 vera
957 1871 1136 1938 felicitasl

81 1959 160 2045 quid
191 1961 271 2026 haec
301 1961 362 2025 tibi
392 1961 494 2026 virtus
527 1959 694 2025 suadebit?
737 1982 778 2025 11
803 1961 880 2043 quid
903 1964 959 2026 aut
981 1961 1103 2026 bonum

34 2053 137 2116 aeaut
168 2050 290 2114 malum
324 2050 500 2134 existimes,
533 2048 620 2133 quod
650 2071 710 2115 nec
741 2051 860 2115 virtute
889 2072 949 2116 nec
978 2049 1103 2114 malitia

81 2140 255 2225 continget.
302 2138 429 2223 deinde,
458 2142 496 2203 ut
525 2139 568 2204 sis
596 2138 760 2204 inmobilis
790 2142 823 2204 11
845 2143 957 2204 contra
980 2139 1102 2204 malum

80 2234 109 2296 et
135 2252 176 2295 ex
197 2230 299 2311 bono,
320 2232 371 2312 ut,
394 2249 458 2313 qua
480 2228 529 2294 fas
554 2231 616 2312 est,
639 2228 734 2293 deum
757 2228 901 2314 effingas.
941 2227 1018 2313 quid
1041 2228 1136 2294 tibia

80 2340 139 2402 pro
178 2319 240 2383 hac
276 2317 479 2400 expeditione
514 2317 699 2402 promittit?
752 2317 896 2403 ingentia
932 2321 965 2382 11
1000 2339 1102 2402 aequa

81 2407 211 2472 divinis:
233 2406 317 2472 111111
339 2407 479 2493 cogeris,
500 2407 591 2472 nullo
609 2406 783 2492 indigebis,
804 2406 980 2490 libereris,
1002 2409 1102 2491 tutus,

34 2519 62 2561 11
80 2495 253 2579 indemnis,
282 2496 366 2561 nihil
394 2496 515 2561 frustra
541 2497 727 2580 temptabis,
758 2495 842 2560 nihil
868 2495 1102 2580 prohibeberis,

82 2585 191 2650 omnia
212 2584 273 2649 tibi
296 2607 336 2649 ex
356 2585 513 2651 sententia
531 2585 659 2668 cedent,
680 2584 764 2649 nihil
782 2583 950 2651 adversum
970 2585 1101 2668 accidet,

80 2673 164 2739 111111
194 2676 308 2739 contra
337 2673 522 2758 opinionem
550 2694 587 2739 ac
616 2675 825 2738 voluntatem.
879 2674 972 2758 ‘quid
1003 2673 1137 2761 ergata

80 2763 183 2827 virtus
214 2762 254 2826 ad
282 2762 375 2828 beate
404 2763 578 2828 vivendum
609 2761 766 2828 sufficit?'
812 2762 954 2847 perfecta
984 2764 1041 2829 1111
1070 2768 1102 2828 11

80 2852 190 2917 divina
217 2851 330 2936 quidni
358 2851 512 2935 sufficiat,
542 2852 642 2917 immo
672 2850 868 2935 superfluat?
915 2852 993 2936 quid
1016 2853 1101 2917 enim

169 3061 323 3118 2111111111
341 3062 383 3117 A⁶
404 3061 514 3118 uolneri
529 3061 573 3118 A¹
592 3062 596 3135 1
623 3061 800 3118 enumerabit
812 3064 839 3116 A
861 3064 909 3118 sed
927 3079 943 3118 1
962 3062 1102 3117 addidisse

79 3133 135 3189 oid.
149 3151 223 3189 man.
237 3135 392 3204 recentiori!
407 3132 425 3187 8
437 3133 579 3204 ignoratio
589 3135 686 3190 Haase
699 3134 831 3205 ignorata
845 3137 871 3188 A
885 3133 1050 3205 ignorantia
1063 3132 1103 3258 spi

80 3204 98 3259 9
120 3206 189 3259 tuae
212 3205 306 3262 delere
327 3206 472 3261 chmmer
495 3204 499 3277 Ι
528 3206 604 3273 quod
622 3206 686 3260 dest
704 3205 804 3276 (deest)
824 3207 943 3276 Mcdcip
964 3203 1089 3276 quodtes

80 3277 108 3329 A
125 3274 136 3349 Η
153 3275 189 3332 10
203 3292 293 3347 aeque
306 3280 333 3332 A
348 3279 433 3347 atque
447 3277 568 3347 Madviq
584 3276 595 3349 11
613 3276 648 3330 12
662 3275 821 3332 debilitates
834 3276 875 3330 Αὕ
887 3276 898 3349 lt
916 3275 952 3330 14
966 3275 1102 3345 suscipia-

80 3348 128 3401 tur
146 3349 243 3404 chec
264 3366 319 3403 usu
341 3349 479 3418 eripiatur
496 3348 524 3402 A
551 3350 554 3420 1
583 3347 620 3401 ad
643 3348 787 3403 1111111111
805 3355 894 3403 censet
913 3347 1022 3403 Gronov
1041 3347 1101 3403 coll.

81 3434 122 3487 ep.
142 3423 186 3487 95,
195 3423 231 3475 35
256 3419 267 3492 11
290 3418 325 3474 al
350 3420 529 3490 contingatur
551 3417 633 3474 Gertz
655 3420 715 3473 coll.
734 3420 810 3488 epist.
830 3421 901 3485 71,5
919 3425 944 3474 et
961 3422 1014 3485 33,·
1031 3422 1103 3484 66,8

81 3491 145 3556 fort.
158 3496 228 3547 recte
244 3488 360 3616 wide}
378 3490 442 3546 add.
458 3491 578 3560 Mcdcip
594 3489 606 3563 11
628 3488 664 3545 24
682 3487 755 3545 liber
774 3490 831 3544 cris
844 3495 930 3544 tutae
948 3488 985 3540 A*
997 3485 1129 3536 11111111
