2400 3840
296 207 346 264 An
365 208 542 264 ssnsnvn
558 209 608 263 nn
628 208 712 265 ono
732 208 809 266 cm.
825 215 882 265 cs
1032 174 1104 279 235⁴

80 355 222 422 inhabile
253 353 346 438 sciet,
375 376 443 420 non
470 355 606 420 accedet.
652 358 761 439 potest
788 377 865 442 ergo
894 359 926 421 et
947 356 1016 440 ille,
1046 357 1099 422 cui

80 446 188 511 omniu
206 445 311 509 adhuc
329 444 364 509 in
382 444 508 530 integro
528 447 615 527 sunt,
635 447 807 528 antequam
820 446 902 510 ullas
917 446 1100 530 experiatur

79 538 300 618 tempestates,
322 533 357 597 in
378 537 450 598 tuto
470 532 643 598 subsistere
661 537 694 598 et
710 534 859 616 protinus
878 536 1099 601 commendare

81 647 114 690 se
137 624 231 689 bonis
255 623 379 687 artibus
402 627 435 687 ct
456 622 627 687 inlibatum
647 622 750 687 otium
768 623 908 709 exigere,
931 624 1099 689 virtutium

48 731 61 772 e
81 714 201 796 cultor,
228 733 309 795 ques
332 711 472 776 exerceri
494 711 591 777 etiam
614 710 822 795 quietissimis
846 717 992 796 possunt.
1036 713 1134 780 hoco

79 824 195 886 nempe
225 802 265 866 ab
295 800 426 866 homine
456 801 609 886 exigitur,
642 804 679 865 ut
708 801 812 885 prosit
840 801 1040 885 hominibus,
1072 804 1100 867 si

79 890 150 956 fieri
167 893 284 975 potest,
302 889 423 973 multis,
441 889 468 954 si
487 890 603 973 minus,
620 890 741 974 paucis,
759 890 918 974 siminus,
935 891 1100 975 proximis,

81 981 109 1044 si
140 980 261 1063 minus,
297 979 367 1044 sibi.
418 1001 495 1044 nam
527 1000 600 1044 eum
633 1000 666 1044 se
698 979 811 1044 utilem
844 981 958 1045 ceteris
990 979 1100 1064 efficit,

81 1090 250 1134 commune
275 1069 343 1154 egit
364 1069 540 1155 negotium.
587 1069 749 1152 quomodo
774 1068 886 1152 quise
909 1069 1099 1134 deteriorem

35 1177 61 1217 ιο
79 1158 159 1223 fecit
184 1179 251 1223 non
278 1158 340 1223 sibi
366 1158 591 1223 tantummodo
613 1162 722 1242 nocet,
749 1157 926 1223 sedetiam
950 1159 1099 1223 omnibus

80 1246 139 1331 eis,
167 1246 283 1330 quibus
307 1247 422 1312 mehor
444 1248 548 1312 fectus
571 1247 723 1331 prodesse
746 1247 918 1331 potuisset,
945 1248 992 1313 sic
1015 1248 1100 1331 quis·

80 1337 152 1420 quis
179 1336 260 1401 benc
283 1336 322 1401 de
346 1359 379 1403 se
402 1340 544 1401 merctur
564 1337 628 1402 hoc
650 1338 722 1421 ipso
746 1336 817 1402 aliis
839 1337 985 1421 prodest,
1013 1338 1099 1420 quod

80 1427 145 1491 illis
168 1427 376 1509 profuturum
398 1429 499 1509 peret.

168 1513 225 1580 IV.
263 1515 342 1596 [31]
379 1513 468 1579 Duas
486 1536 538 1579 res
556 1514 702 1597 publicas
717 1515 824 1580 animo
839 1516 1100 1599 complectemur,
1119 1534 1133 1581 1

35 1621 61 1662 rs
80 1606 213 1668 alteram
250 1624 401 1687 magnam
437 1607 471 1667 et
506 1624 580 1667 vere
615 1604 794 1687 publicem,
831 1624 895 1687 qua
926 1604 971 1668 dii
1002 1607 1099 1687 atquc

79 1692 226 1756 homines
256 1691 476 1773 continentur,
508 1691 543 1755 in
573 1713 636 1774 qua
664 1714 731 1757 non
761 1693 800 1756 ad
830 1692 917 1758 hunc
944 1694 1099 1778 anguium

80 1779 269 1863 respicimus
294 1783 349 1844 aut
372 1780 412 1844 ud
434 1780 542 1863 illum,
565 1781 620 1846 sed
638 1781 792 1846 terminos
812 1781 951 1846 civitatis
970 1785 1099 1846 nostrae

81 1891 155 1934 cum
174 1869 241 1934 sole
260 1869 425 1951 metimur,
448 1870 596 1952 alteram,
614 1869 667 1934 cui
684 1891 744 1934 nos
764 1869 935 1953 adscripsit
953 1869 1098 1934 condicio

79 1957 244 2042 nascendi3
267 1958 346 2024 haec
366 1962 423 2022 sut
441 1956 687 2023 Atheniensium
706 1959 767 2023 erit
785 1963 841 2023 eut
860 1957 1100 2043 Carthaginien·

35 2048 179 2130 sosium,
206 2049 263 2112 aut
290 2046 421 2114 alterius
445 2047 580 2113 alicuius
603 2047 706 2131 urbis,
737 2069 819 2131 quae
841 2069 909 2111 non
930 2047 971 2111 ad
994 2047 1099 2111 omnis

80 2136 239 2220 pertineat
251 2137 398 2202 homines
413 2137 469 2202 sed
483 2136 523 2201 ed
537 2140 651 2202 certos.
684 2135 815 2220 quidam
829 2135 941 2201 eodem
955 2140 1100 2220 tempore

80 2227 208 2309 utrique
236 2225 284 2291 rei
313 2226 461 2311 publices
493 2226 572 2291 dant
599 2247 743 2310 operam,
772 2225 887 2290 maiori
909 2224 1100 2309 minorique,

80 2315 210 2399 quidem
239 2319 367 2380 tentum
393 2315 525 2399 minori,
550 2315 681 2398 quidem
703 2318 831 2380 tontum
856 2314 977 2379 maiori.
1023 2313 1133 2380 hui02

80 2404 195 2470 maiori
228 2405 275 2469 rei
308 2405 458 2489 publicae
492 2408 525 2470 et
555 2406 591 2470 in
623 2404 690 2469 otio
724 2403 882 2469 deservire
918 2425 1100 2488 possumus,

35 2511 61 2551 2⁵
80 2494 179 2558 immo
207 2515 283 2558 vero
310 2494 419 2560 nescio
448 2517 491 2559 un
517 2494 552 2558 in
579 2493 646 2559 otio
670 2494 800 2577 melius,
831 2498 868 2558 ut
896 2515 1099 2578 quaeramus:

82 2581 159 2664 quid
193 2581 236 2646 sit
268 2582 384 2666 virtus,
420 2606 486 2648 una
514 2583 663 2667 pluresne
700 2583 779 2667 sint3
817 2585 933 2647 nature
969 2605 1012 2647 un
1047 2603 1098 2648 ars

82 2671 184 2736 bonos
207 2671 293 2735 viros
316 2671 426 2755 faciat3
453 2695 554 2736 unum
578 2672 719 2755 sithoc,
752 2671 838 2755 quod
861 2672 963 2738 meria
985 2676 1098 2737 terras·

81 2781 144 2843 que
174 2761 206 2824 et
236 2759 317 2823 mari
346 2781 384 2825 ac
406 2762 499 2826 terris
522 2761 643 2826 inserta
664 2761 902 2846 complectitur,
933 2784 974 2825 en
996 2762 1099 2825 multe

81 2847 239 2914 eiusmodi
272 2870 408 2933 corpora
435 2850 512 2916 deus
541 2850 707 2934 sparserit3
737 2850 890 2916 continua
920 2851 964 2916 sit
994 2849 1098 2916 omnis

35 2954 63 2996 ³⁰
81 2941 113 3003 et
142 2939 239 3022 plens
270 2937 418 3022 materia,
449 2961 489 3004 ex
521 2961 585 3024 que
617 2944 733 3005 cuncte
762 2940 952 3026 gignuntur,
982 2961 1024 3003 an
1054 2938 1099 3002 di·

81 3027 177 3093 ducta
205 3031 237 3093 et
260 3027 372 3093 solidis
395 3027 489 3093 inune
511 3028 722 3114 permixtum,
749 3031 806 3113 qui
828 3029 871 3093 sit
894 3029 984 3112 deus3
1008 3027 1098 3092 deses

80 3167 648 3364 puppaffieppwerptrgffizp„)1p)bpppsi
659 3166 968 3309 gibtbittmndbisscdett
980 3166 1099 3292 Itltadilviiy

80 3307 180 3362 butum
194 3311 314 3381 Moduiy
328 3312 357 3366 et
369 3311 492 3385 inillumt
520 3313 616 3366 ectum
630 3313 658 3366 A
671 3309 713 3383 >16
727 3311 849 3380 exigitur
862 3311 930 3379 ooly.
945 3308 1034 3378 exigit
1048 3311 1076 3364 A
1096 3309 1099 3381 t

81 3379 117 3433 lo
133 3380 209 3435 hunc
222 3381 264 3436 A⁶
281 3382 365 3452 11ch
382 3382 425 3469 Al
441 3389 473 3438 ut
490 3384 545 3438 oid.
560 3382 570 3456 t
587 3382 623 3437 23
640 3384 753 3436 tentum
771 3381 895 3453 minoris]
911 3383 989 3450 (erce.
1003 3381 1059 3436 oid.
1074 3395 1087 3434 s

81 3469 110 3523 A
131 3466 142 3539 t
164 3468 201 3525 28
219 3469 242 3523 ts
260 3470 351 3524 merie
371 3471 440 3525 utris
459 3473 488 3527 A
510 3488 579 3528 corr.
597 3471 665 3542 volp.
689 3470 702 3544 ti
723 3469 760 3525 31
781 3470 979 3539 permirtum„
997 3468 1056 3530 ΨΚ
1073 3467 1122 3512 en.

81 3539 253 3666 3233?AE
265 3541 439 3669 Ῑὲἓῖξίἑῦᾗᾳς
458 3543 505 3599 sit.
520 3543 592 3599 deus
608 3544 637 3600 A
652 3542 839 3614 permixtum
854 3538 915 3592 sitsi
943 3536 1024 3586 bens
1038 3523 1151 3588 suu-N
