2400 3840
92 194 156 261 288
294 190 325 245 L.
339 188 480 243 ANNAEI
500 187 664 242 SENECAE
682 186 777 241 DIAL,
792 185 859 241 LIB.
873 185 907 241 X.

57 337 210 402 cnedum
240 339 277 400 ut
307 335 362 399 isti
395 335 505 399 sciant.
552 333 675 418 magni,
706 333 786 398 mihi
816 333 922 416 crede,
953 335 986 397 et
1016 354 1120 418 supra

92 428 250 490 humanos
280 445 401 489 errores
430 424 599 488 eminentis
628 423 690 486 viri
713 426 762 487 est
784 422 867 486 nihil
889 444 929 486 ex
952 442 1011 487 suo
1036 426 1119 488 tom-

92 537 171 598 pore
201 513 334 578 delibari
364 514 480 596 sinere,
508 517 540 578 et
567 512 639 575 ideo
663 512 730 576 eius
755 512 822 575 vita
844 511 1035 597 longissima
1058 515 1119 594 est,

94 605 183 687 quia,
202 606 497 687 quantumcumque
516 602 635 685 patuit,
654 604 761 665 totum
779 601 843 684 ipsi
862 601 997 665 vacavit.
1031 601 1120 665 nihil

92 692 167 756 inde
196 693 354 756 incultum
386 692 589 774 otiosumque
619 690 731 773 iacuit,
757 689 841 753 nihil
868 690 926 754 sub
955 689 1019 754 3113
1043 689 1120 773 fuit,
1150 711 1161 752 3

92 803 196 863 neque
220 781 305 845 enim
330 781 502 864 quicquam
523 778 664 863 repperit
683 779 818 864 dignum
837 778 923 862 quod
942 799 1018 843 cum
1035 782 1119 843 tem-

92 892 171 954 pore
200 891 258 934 3113
288 872 486 953 permutaret
513 871 621 933 custos
650 869 717 932 eius
744 867 959 951 parcissimus.
1005 868 1118 952 itaque

93 959 170 1025 satis
193 959 242 1023 illi
264 959 340 1023 fuit:
364 959 392 1022 is
416 980 491 1022 vero
514 978 643 1022 necesse
666 960 716 1021 est
738 957 891 1040 defuisse,
913 979 953 1021 ex
976 977 1118 1039 quorum

59 1049 160 1113 evita
189 1049 328 1112 multum
358 1048 498 1131 populus
529 1047 614 1111 tulit.
665 1068 725 1111 nec
749 1049 797 1110 est
821 1045 907 1129 quod
930 1048 1025 1128 putes
1049 1068 1119 1111 non

92 1138 167 1202 illos
197 1137 370 1221 aliquando
401 1137 585 1220 intellegere
616 1136 769 1199 damnum
800 1155 908 1200 suum:
944 1135 1118 1218 plerosque
1137 1156 1161 1196 13

93 1230 179 1292 33113
203 1227 311 1290 audies
336 1247 375 1289 ex
397 1225 438 1308 is,
469 1246 550 1308 quos
573 1246 691 1310 magna
714 1224 851 1288 felicitas
875 1226 1002 1309 gravat,
1032 1224 1119 1289 inter

94 1316 261 1380 clientium
295 1335 409 1399 greges
442 1317 499 1377 3111
530 1335 699 1378 causarum
731 1313 873 1378 actiones
906 1316 963 1377 sut
995 1317 1118 1378 3313133

93 1405 245 1468 honestas
277 1403 422 1467 miserias
456 1403 634 1467 exclamare
665 1403 842 1467 interdum:
882 1401 1005 1467 ‘vivere
1036 1403 1119 1466 mihi

60 1508 75 1557 ‘1
94 1515 160 1557 non
182 1491 279 1556 licet'
322 1491 435 1575 quidni
456 1513 523 1555 non
546 1490 663 1556 liceat?
700 1512 810 1556 omnes
833 1491 896 1575 illi,
919 1491 976 1575 qui
998 1495 1032 1556 13
1055 1491 1120 1556 sibi

95 1581 265 1664 advocant,
289 1580 349 1644 tibi
372 1581 544 1645 abducunt.
568 1590 570 1594 '
590 1581 645 1645 1113
668 1601 741 1645 13113
766 1583 846 1665 quot
869 1580 936 1645 dies
960 1579 1119 1645 abstulit?
1138 1601 1161 1642 11

96 1673 176 1754 quot
204 1671 260 1734 ille
290 1669 500 1734 candidatus?
551 1673 631 1753 quot
653 1670 710 1734 1113
733 1690 812 1733 311113
837 1670 1004 1742 efferendis
1027 1669 1118 1735 here

96 1759 188 1823 dibus
220 1758 325 1823 lassa?
371 1763 451 1843 quot
480 1759 535 1823 illo
565 1760 605 1824 ad
634 1759 822 1822 irritandam
853 1758 1021 1823 avaritiam
1045 1780 1118 1844 cap·

94 1849 233 1913 tantium
257 1848 427 1913 simulatus
451 1849 566 1933 aeger?
618 1851 697 1931 quot
720 1848 775 1912 ille
798 1848 963 1931 potentior
985 1849 1119 1931 amicus,

96 1939 151 2021 qui
175 1961 231 2003 vos
254 1960 321 2003 non
344 1938 378 2001 in
402 1938 557 2021 amicitia,
579 1938 635 2001 sed
658 1938 692 2001 in
716 1940 872 2020 apparatu
894 1937 1014 2001 habet?
1057 1938 1119 2002 dis·

94 2050 217 2113 punge,
250 2028 396 2111 inquam,
431 2030 463 2091 et
496 2048 626 2091 recense
654 2027 738 2090 vitae
768 2031 843 2091 tuse
871 2026 952 2108 dies:
992 2025 1118 2092 videbis
1137 2047 1162 2086 so

60 2132 215 2200 spsucos
248 2117 421 2180 admodum
455 2119 487 2180 et
515 2117 653 2181 reiculos
684 2119 763 2199 aput
791 2119 824 2179 te
854 2115 1017 2180 resedisse.
1066 2116 1119 2180 ad-

96 2208 224 2269 secutus
260 2206 316 2269 ille
353 2226 434 2289 quos
473 2208 640 2287 optaverat
677 2205 779 2269 fasces
812 2204 903 2288 cupit
933 2212 1055 2287 ponere
1087 2208 1119 2269 et

96 2293 230 2358 subinde
261 2294 352 2359 dicit:
389 2294 534 2377 ‘quando
562 2294 616 2359 hic
644 2315 747 2359 annus
770 2293 995 2378 pmeteribit?'
1039 2294 1120 2359 fucit

95 2382 151 2445 ills
173 2382 281 2464 ludos,
305 2404 442 2464 quorum
467 2387 586 2448 sortem
611 2383 673 2448 sibi
697 2383 865 2468 optingere
888 2404 1006 2468 magno
1026 2383 1120 2449 33311-

95 2471 208 2534 mavit:
233 2470 392 2554 ‘quando’
415 2473 522 2556 inquit
544 2471 641 2537 ‘istos
665 2471 854 2557 effugicm‘?'
896 2471 1047 2555 diripitur
1064 2473 1162 2536 111311

95 2564 166 2624 1313
198 2560 270 2624 foro
301 2564 457 2644 patronus
487 2565 520 2625 et
549 2582 667 2646 magno
698 2583 857 2627 concursu
887 2561 995 2626 omniu
1024 2563 1120 2643 ultra,

97 2669 193 2731 quam
217 2649 321 2712 audiri
339 2653 460 2734 potest,
479 2652 633 2734 complet:
658 2650 817 2734 ‘quando'
836 2651 942 2734 inquit
961 2650 1026 2715 ‘res
1045 2672 1119 2734 pro·

95 2737 275 2802 ferentur?’
320 2739 511 2823 praecipitat
541 2740 677 2824 quisque
706 2739 806 2803 vitam
837 2761 929 2804 suam
957 2743 990 2804 et
1017 2740 1120 2804 futuri

62 2843 77 2891 9
97 2827 253 2892 desiderio
276 2827 416 2910 laborat,
439 2830 656 2911 praesentium
679 2829 793 2893 taedio.
834 2829 945 2893 311113
969 2829 1027 2913 qui
1047 2831 1120 2895 nul·

96 2919 165 2982 lum
196 2939 264 2981 non
295 2920 422 3000 tempus
456 2917 490 2981 in
521 2939 598 2982 usus
629 2938 704 2982 suos
735 2918 873 3001 confert,
903 2918 959 3002 qui
989 2940 1119 2984 omnem
1139 2940 1164 2978 so

186 3075 203 3129 ὅ
222 3075 398 3142 otiosumque
413 3074 501 3127 iacuit
514 3077 583 3144 oolp.
603 3076 723 3145 otiumq5
735 3074 852 3129 33331111
866 3073 916 3141 Al,
930 3091 964 3128 cc
977 3072 1021 3129 A¹
1033 3076 1119 3143 scrip-

97 3153 162 3200 tura
179 3152 315 3215 apparent
333 3146 453 3199 litterae:
472 3145 544 3199 otios
560 3187 723 3202 ........
740 3146 800 3200 31111
818 3145 836 3270 pl
854 3145 871 3199 8
890 3145 914 3198 is
931 3144 974 3199 A¹
992 3145 1037 3199 his
1051 3143 1094 3200 A¹
1110 3144 1121 3218 ll

96 3216 114 3270 9
132 3234 189 3270 non
203 3218 323 3286 Madvig
335 3218 441 3271 incerta
455 3218 524 3270 cont.
543 3217 610 3270 hinc
624 3218 652 3272 A
670 3217 763 3271 minus
782 3217 818 3273 Jo
838 3217 967 3272 ,Μᾱῐῑεν
979 3216 990 3290 ll
1007 3216 1042 3270 ll
1060 3216 1120 3270 exis

97 3288 148 3354 A¹,
166 3289 184 3340 h
203 3306 289 3357 supra
308 3289 319 3341 i
337 3288 401 3343 odd.
420 3306 455 3343 m.
475 3305 567 3343 recens
591 3288 601 3361 ll
626 3288 661 3342 18
687 3291 756 3356 quot
778 3289 847 3357 oolp.
872 3305 927 3355 quo
946 3289 974 3344 A
996 3287 1007 3360 ll
1032 3286 1067 3342 19
1090 3288 1122 3342 111

98 3359 225 3413 amicitis
244 3359 293 3413 sed
311 3358 342 3412 in
360 3361 502 3429 apparatu
519 3361 587 3430 3319.
608 3360 767 3413 insmicitic
786 3359 836 3413 sed
854 3358 1028 3428 inapparatu
1043 3360 1072 3414 A
1090 3359 1122 3413 in

98 3431 253 3484 amicitiam
280 3430 329 3484 sed
354 3431 385 3484 in
410 3434 580 3501 apparatum
601 3444 618 3485 ς
644 3431 654 3504 ll
681 3431 716 3485 21
740 3430 870 3485 reiiculos
892 3431 1030 3486 Erasmus
1052 3430 1122 3484 ridi-

98 3500 175 3554 culos
189 3504 217 3556 A
217 3501 247 3628 ap
268 3501 305 3556 30
323 3518 434 3557 omnem
453 3503 529 3559 diem
546 3503 628 3560 Gertz
646 3507 677 3558 os
697 3501 754 3558 dies
767 3504 796 3558 A
813 3502 861 3557 sed
879 3518 909 3557 es
927 3519 962 3557 m.
977 3506 997 3557 2
1013 3502 1046 3556 in
1064 3518 1120 3559 ras.

74 3587 136 3638 pro
153 3577 172 3626 3
189 3574 244 3629 31.
265 3576 413 3647 compsisse
