2400 3840
264 149 313 208 Du
329 148 566 206 CONSTANTIA
584 148 772 206 serrarius
792 148 941 210 GAP.4.5
1067 153 1111 218 25

177 294 233 361 IV.
258 294 353 373 ‘Quid
389 294 489 381 ergo?
532 317 601 360 nou
632 297 693 361 erit
716 297 846 381 ‘aliquis
884 295 940 380 qui
974 297 1145 380 sapientis

79 386 192 456 ‚faeere
224 388 361 468 temptet
391 383 575 449 iniuriaml'
624 386 810 469 temptabit,
846 384 902 450 sed
938 406 1006 451 non
1040 408 1111 469 par-

87 479 256 540 venturam
281 472 325 539 ad
352 496 440 558 eum,
466 474 588 538 maiore
615 475 702 539 enim
724 475 893 539 intervallo
916 497 937 539 a
959 477 1111 540 contactu

86 565 276 631 inferiorum
300 563 457 628 abductus
480 566 542 647 ost,
566 585 662 646 quam
685 566 723 627 ut
745 565 813 628 ulla
825 564 874 629 vis
892 563 991 629 noxia
1007 585 1110 648 usque

55 654 128 718 aad
155 653 249 720 illum
272 653 356 718 vires
387 673 461 718 suas
490 652 638 737 perierat.
684 653 781 717 etiam
809 674 884 718 cum
906 657 1054 737 potentes
1078 657 1111 718 et

86 743 223 826 imperio
248 741 326 807 editi
349 745 381 807 et
404 762 563 807 consensu
584 741 793 807 servientium
807 740 907 807 validi
928 764 1044 808 nocere
1062 743 1110 807 in-

85 830 233 915 tendent,
264 835 331 896 tam
363 831 444 896 citra
470 830 661 915 sapientiam
693 852 804 896 omnes
831 853 943 896 eorum
965 832 1109 916 impetus

88 920 251 1004 deficient,
279 943 375 1005 quam
404 943 486 1005 quae
512 942 612 985 nervo
639 920 849 985 tormentisve
875 921 911 985 in
931 921 1035 984 ¹altum
1058 943 1110 985 ex·

86 1010 288 1094 primuntur,
318 1031 393 1074 cum
425 1013 516 1074 extra
538 1008 644 1074 visum
674 1009 848 1093 exilierint,
877 1010 958 1074 citra
985 1009 1109 1074 caelum

39 1104 197 1165 rosstamen
219 1099 400 1164 flectuntur.
447 1097 547 1182 quid?
586 1102 623 1163 tu
645 1103 741 1182 putas
762 1103 850 1182 tum,
875 1120 948 1164 cum
972 1097 1146 1165 stolidusa

87 1190 142 1253 ille
174 1211 231 1254 rex
263 1187 470 1253 multitudine
501 1188 640 1253 telorum
667 1188 754 1253 diem
782 1189 982 1271 obscuraret,
1008 1188 1109 1252 ullam
1177 1200 1179 1206 ⁴

80 1278 238 1364 ,sagittam
261 1278 297 1342 in
314 1278 416 1342 solem
438 1277 589 1342 incidisse
611 1281 668 1342 aut
690 1276 836 1342 demissis
854 1278 890 1342 in
910 1275 1109 1360 profundum

87 1368 208 1434 catenis
243 1366 435 1450 Neptunum
475 1367 619 1450 potuisse
661 1365 828 1452 contingi?
882 1370 919 1430 ut
960 1364 1110 1431 caelestia

86 1456 244 1525 humanas
268 1477 382 1522 manus
406 1456 566 1542 affiigiunt
584 1458 616 1520 et
634 1456 674 1520 ab
692 1455 744 1520 his
763 1456 820 1540 qui
837 1455 959 1540 templa
977 1455 1110 1520 diruunt

40 1564 125 1611 saec
147 1546 319 1610 simulacra
342 1545 484 1611 conflant
505 1544 589 1610 nihil
604 1544 765 1610 divinitati
786 1548 935 1628 nocetur,
957 1545 1003 1609 ita
1021 1544 1109 1628 quio-

88 1634 166 1718 quid
197 1634 236 1698 fit
267 1634 303 1698 in
334 1633 510 1717 sapientem
543 1637 706 1718 proterve,
735 1635 932 1718 petulanter,
964 1634 1110 1718 superbe,

87 1723 207 1785 frustra
238 1725 424 1804 temptatur.
470 1722 516 1786 ‘at
548 1722 647 1787 satius
676 1727 744 1788 erat
771 1723 933 1788 neminem
961 1744 1029 1788 esse
1053 1723 1145 1806 quis

87 1811 193 1874 facere
215 1809 333 1875 vellet?
365 1832 433 1875 rem
458 1810 623 1875 difficilem
647 1816 739 1895 optas
759 1810 902 1876 humano
922 1811 1045 1896 generi,
1062 1812 1109 1875 in-

87 1898 286 1981 nocentiam3
317 1901 350 1963 et
381 1920 448 1962 non
483 1899 554 1962 fieri
586 1921 697 1964 eorum
727 1900 862 1964 interest
903 1899 959 1983 qui
992 1900 1109 1964 facturi

40 2008 68 2048 ao
86 1991 177 2071 sunt,
207 2009 275 2053 non
306 1988 374 2052 eius
408 1987 464 2071 qui
495 1988 564 2071 pati
595 2010 635 2052 ne
667 1989 695 2053 si
731 1988 789 2052 fiat
826 1988 956 2072 quidem
992 1991 1108 2071 potest.

85 2079 186 2143 immo
211 2077 325 2143 ‘nescio
353 2099 396 2141 an
421 2077 525 2163 magis
548 2076 632 2142 vires
656 2076 830 2161 sapientiae
854 2075 1002 2141 ostendat
1022 2080 1109 2142 tran·

86 2167 231 2251 quillitas
249 2167 334 2231 inter
351 2167 555 2250 lacessentia,
577 2166 662 2232 siout
686 2166 863 2231 maximum
882 2170 1108 2252 argumentum

86 2260 135 2322 est
163 2255 366 2340 imperatoris
394 2255 492 2321 armis
515 2256 656 2340 virisque
685 2256 838 2341 pollentis
860 2258 932 2320 tuta
954 2255 1107 2322 securitas

85 2347 121 2410 iu
142 2345 286 2410 hostium
308 2349 403 2415 terra

40 2452 67 2493 as
175 2433 215 2500 V.
238 2433 443 2518 Dividamus,
472 2434 500 2499 si
530 2435 592 2500 tibi
620 2433 761 2518 videtur,
793 2432 926 2518 Serene,
956 2434 1142 2500 iniuriamr

86 2523 322 2588 acontumelia.
354 2524 444 2607 prior
460 2524 518 2588 illa
535 2527 651 2589 natura
669 2525 798 2610 gravior
820 2527 883 2608 est,
904 2523 984 2588 haec
1006 2522 1108 2588 levior

86 2615 119 2676 et
141 2614 267 2677 tantum
289 2613 432 2678 delicatis
451 2613 572 2698 gravis,
595 2635 660 2696 qua
681 2636 748 2678 non
769 2613 942 2678 laeduntur
959 2611 1107 2677 homines

86 2699 143 2766 sed
166 2700 379 2766 offenduntur.
424 2704 515 2766 tanta
537 2705 587 2767 ast
609 2705 718 2768 tamen
737 2703 918 2767 ammarum
938 2701 1107 2766 dissolutio

77 2793 119 2855 et
140 2791 280 2874 vanitas,
310 2793 348 2854 ut
380 2789 510 2874 quidam
542 2791 626 2856 nihil
656 2792 800 2857 acerbius
830 2794 959 2875 putent:
986 2791 1033 2856 sic
1060 2791 1107 2855 iu-

175 2928 194 2984 4
215 2929 275 2983 ulla
298 2945 366 2984 corr.
388 2945 422 2984 ea
445 2928 503 2983 vila
524 2930 588 2997 fort.
610 2929 653 2986 A¹
676 2929 686 3003 Η
710 2931 728 2984 5
752 2933 780 2985 et
798 2930 917 3000 imperio
931 2930 960 2985 A
979 2928 1018 2997 ei,
1037 2930 1105 3000 imp.

86 2999 183 3068 Gertz,
197 3007 263 3070 post
281 3016 382 3055 nocere
400 3001 464 3056 add.
485 3001 511 3055 ei
530 2999 570 3073 ςΙΙ
587 3000 695 3086 dediti
709 3003 737 3057 A
755 3018 824 3058 corr.
838 3003 907 3072 oolp.
925 3001 936 3075 Η
952 3001 987 3055 11
1008 3000 1107 3056 obscu-

85 3090 163 3144 raret
179 3091 206 3156 (o
224 3091 402 3159 s.o.maa.1)
417 3088 498 3161 [lulla
516 3093 595 3155 (aas.
609 3092 633 3160 t)
652 3091 680 3146 A
704 3089 714 3163 Η
738 3090 774 3144 12
798 3091 926 3144 demissis
949 3092 1108 3146 Pincianae

86 3159 210 3215 dimissis
223 3161 252 3216 A
269 3160 280 3234 Η
302 3160 338 3215 13
357 3160 512 3231 constringi
530 3163 600 3217 coni.
615 3163 734 3231 Bentley
749 3160 761 3244 ll
783 3162 819 3216 lb
838 3161 1105 3233 simulacrals(1lit.

86 3237 166 3295 aas.)
187 3232 216 3287 A
242 3231 258 3357 q
287 3231 323 3286 1ss
353 3231 474 3304 superbe
498 3233 526 3289 A
557 3232 568 3304 Η
599 3233 633 3287 17
667 3233 794 3286 adsatrus
826 3251 895 3289 corr.
922 3235 954 3287 ia
985 3231 1106 3285 atsatius

86 3304 163 3357 ΑΗ
188 3301 199 3375 ΙΙ
224 3303 241 3357 2
282 3303 424 3374 sapientia
447 3303 580 3358 ostendat
602 3303 819 3373 tranquillitatis
837 3305 866 3360 A
890 3319 960 3358 corr.
980 3303 1081 3370 Haupt
1097 3305 1106 3370 l

85 3373 121 3428 22
144 3373 315 3430 lacessentia
335 3374 386 3442 A¹,
412 3375 514 3429 lineola
534 3381 631 3443 postea
656 3392 735 3430 erasa
760 3383 799 3431 est
822 3374 839 3448 ll
857 3373 895 3429 Ab
914 3371 1114 3440 immaturati

86 3445 173 3499 armis
182 3447 211 3500 A
224 3447 304 3515 (aas.
313 3447 369 3501 oid.
380 3448 433 3516 est)
447 3463 516 3502 corr.
526 3447 596 3519 oola.
605 3445 619 3522 ll
628 3443 954 3504 adunassemus
959 3442 1119 3495 Ktaraw

85 3515 122 3570 28
141 3515 340 3573 offedunturA
359 3516 368 3591 l
387 3519 471 3574 tanta
491 3521 536 3577 est
554 3522 660 3578 tamen
676 3523 715 3580 ta
731 3537 795 3578 ros.
813 3517 855 3575 A*
