2400 3840
198 203 249 258 AD
269 201 483 258 GALLIONEM
500 201 550 257 DE
568 200 657 256 VITA
674 201 798 257 BEATA
816 200 894 256 cAP.
909 207 951 257 19.
967 206 1001 256 20
1042 204 1108 270 21?

91 346 222 434 mirum,
240 369 315 415 cum
331 349 507 432 loquantur
524 347 635 432 fortia,
653 344 810 434 ingentia,
829 347 934 413 omnis
951 348 1108 413 humanas

91 441 296 523 tempestates
315 436 503 502 evadentia?
534 458 608 502 cum
626 436 760 522 refigere
780 458 813 503 se
832 437 980 503 crucibus
995 458 1110 503 conen·

90 532 156 612 tur,
190 527 226 592 in
260 548 339 611 quas
371 525 592 611 unusquisque
623 529 766 591 vestrum
797 527 905 592 clavos
936 547 1010 592 suos
1040 527 1109 611 ipse

90 617 205 702 adigit,
239 616 281 681 ad
315 615 510 700 supplicium
540 619 649 679 tamen
681 615 745 680 acti
777 615 940 700 stipitibus
973 615 1109 701 singulis

58 705 243 790 spendent3
274 704 323 788 hi,
353 703 410 788 qui
438 704 473 768 in
500 725 533 769 se
560 703 624 788 ipsi
651 704 794 768 animum
817 704 999 788 advertunt,
1030 708 1110 788 quot

89 793 319 878 cupiditatibus
341 796 392 858 tot
415 793 562 858 crucibus
586 793 815 859 distrahuntur.
851 796 886 858 at
907 792 1055 858 maledici
1078 797 1110 858 et

89 884 125 948 in
154 883 291 948 alienam
321 882 550 947 contumeliam
577 882 704 947 venusti
732 885 815 947 sunt.
861 882 1021 947 crederem
1043 881 1109 947 illie

89 971 153 1037 hoc
182 992 307 1055 vacare,
337 971 401 1036 nisi
428 971 558 1054 quidam
586 992 626 1036 ex
652 971 798 1054 patibulo
827 992 885 1036 suo
914 974 1108 1055 spectatores

90 1064 310 1146 conspuerent.

44 1210 71 1251 ιο
177 1183 247 1249 XX.
285 1182 376 1250 ‘Non
398 1188 564 1269 praestant
592 1183 781 1269 philosophi
808 1205 889 1268 quae
911 1180 1143 1268 loquuntur.'1

89 1275 227 1339 multum
245 1277 353 1340 tamen
370 1277 535 1360 praestant
554 1275 640 1359 quod
657 1276 848 1359 loquuntur,
870 1273 957 1358 quod
974 1274 1110 1338 honesta

88 1367 196 1429 mente
228 1364 428 1449 concipiunt:
469 1385 609 1448 namque
640 1364 726 1429 idem
758 1364 786 1429 si
825 1366 857 1428 et
893 1363 983 1446 paria
1015 1361 1109 1427 dictis

88 1456 231 1539 agerent,
256 1453 334 1537 quid
356 1456 440 1518 esset
457 1453 522 1518 illis
540 1452 687 1518 beatius?
724 1452 852 1517 interim
869 1474 937 1517 non
955 1455 1004 1517 cst
1022 1451 1110 1536 quod

88 1545 274 1608 contemnas
304 1542 390 1606 bona
419 1541 517 1606 verba
547 1545 580 1607 et
610 1541 704 1607 bonis
734 1541 984 1627 cogitationibus
1013 1541 1110 1624 plena

43 1653 70 1695 rs
88 1630 283 1714 praecordia.
324 1629 504 1694 studiorum
527 1630 715 1695 salutarium
738 1632 835 1695 etiam
858 1630 939 1695 citra
961 1629 1109 1695 effectum

88 1717 248 1782 laudanda
270 1719 419 1783 tractatio
443 1721 499 1783 cst,
541 1718 619 1802 quid
642 1719 772 1802 mirum,
796 1718 824 1784 si
846 1740 913 1783 non
935 1719 1110 1784 escendunt
1128 1738 1143 1786 2

89 1807 124 1871 in
146 1807 247 1870 altum
270 1806 369 1871 ardua
392 1805 556 1892 adgressi?
592 1807 648 1872 sed
666 1807 694 1872 si
712 1807 762 1870 vir
780 1829 826 1889 es,
850 1806 990 1891 suspice,
1012 1807 1108 1871 etiam

90 1894 119 1960 si
146 1894 309 1978 decidunt,
339 1917 456 1982 magna
483 1896 637 1961 conantis.
684 1916 839 1981 generosa
867 1916 918 1960 res
941 1898 990 1960 est
1011 1894 1110 1977 respi-

89 1983 227 2050 cientem
248 2005 316 2048 non
338 1984 379 2049 ad
401 2005 475 2050 suas
499 1985 554 2049 scd
577 1984 618 2048 ad
639 1988 772 2049 naturae
796 2004 871 2049 suae
894 1983 978 2048 vires
999 1982 1110 2047 conari

43 2096 71 2138 ao
89 2074 155 2138 alta
181 2075 337 2158 temptare
364 2077 397 2138 et
423 2076 530 2138 mente
552 2073 676 2138 maiora
699 2072 879 2156 concipere,
908 2093 1005 2155 quam
1028 2092 1109 2155 quae

88 2161 186 2228 etiam
208 2162 333 2248 ingenti
355 2162 462 2227 animo
486 2163 649 2227 adornatis
672 2160 759 2228 effici
781 2163 925 2246 possunt.
968 2159 1024 2244 qui
1047 2159 1144 2229 sibie

88 2252 150 2317 hoc
172 2252 355 2337 proposuit:
386 2251 463 2338 ‘ego
486 2255 624 2317 mortem
647 2252 759 2317 eodem
782 2251 874 2315 voltu
897 2249 1109 2316 comoediam-

89 2361 150 2424 que
180 2340 303 2406 videbo,
319 2362 414 2427 ,pege
442 2341 619 2425 laboribus,
650 2340 901 2425 quanticumque
928 2339 979 2404 illi
1005 2342 1110 2423 erunt,

178 2567 296 2624 evaeo
320 2585 384 2623 cum
409 2570 574 2641 refigere..
595 2569 688 2640 adigit
714 2585 777 2625 cum
801 2571 841 2625 cis
864 2586 934 2640 qaue
957 2576 1109 2640 sequuntur

88 2639 281 2709 coniungendo
298 2656 353 2695 esse
370 2641 440 2697 vidit
459 2641 553 2710 Gertz,
571 2657 650 2710 quem
666 2643 700 2696 te
717 2647 771 2697 toto
786 2641 907 2698 hocloco
920 2642 1109 2699 cremando

51 2714 54 2719 ’
88 2715 196 2766 secutus
219 2727 293 2778 urm,
318 2728 484 2781 quamquam
507 2729 542 2768 aa
566 2714 607 2768 sic
629 2713 738 2782 quidem
760 2714 934 2770 cumulatur
955 2712 1109 2785 intelleget!

88 2781 108 2836 4
125 2781 219 2851 adigit
233 2783 330 2838 erct
347 2782 437 2837 adicit
450 2785 477 2838 A
495 2783 505 2856 ll
523 2783 541 2838 6
557 2785 588 2837 at
602 2783 729 2840 marm}
743 2785 834 2838 aut'A
854 2784 858 2856 l
878 2784 1013 2840 maledici
1031 2787 1060 2840 et
1077 2784 1109 2838 in

88 2853 169 2908 Koch
182 2852 409 2926 malesticissfin
422 2856 448 2924 (1
457 2861 508 2910 aut
520 2858 540 2910 2
553 2856 605 2910 litt.
616 2856 696 2924 eros)
705 2857 733 2908 A
746 2854 885 2911 maledice
898 2857 929 2910 in
943 2855 978 2912 al.
990 2856 1109 2925 Madotq

89 2923 298 2992 distrahuntur,
317 2927 402 2980 avent
414 2925 597 2993 maledicere,
611 2925 642 2980 in
655 2925 779 2982 alienam
798 2942 821 2980 o.
830 2944 855 2982 v.
866 2943 888 2982 s.
902 2928 963 2982 Job.
975 2927 1081 2982 Mrtllcr
1098 2925 1109 2998 ΙΙ

89 2995 104 3050 l
123 3001 188 3051 unte
206 2996 348 3052 crederem
362 2997 483 3068 Madvig
499 2997 546 3052 vix
563 3003 614 3052 aut
631 3013 688 3052 non
705 2998 864 3053 uddean
879 3005 982 3065 ocus&
997 2998 1044 3052 aad
1056 2996 1107 3063 cfr.

89 3067 151 3121 Job.
167 3068 274 3122 Metller
291 3068 368 3124 Krit
382 3067 461 3124 stud
476 3069 497 3123 I
508 3085 538 3138 p·
552 3072 634 3138 268q.
652 3068 656 3141 Ι
683 3068 701 3124 8
718 3084 826 3138 uagare
839 3070 866 3123 A
892 3068 895 3141 l
920 3085 971 3123 suo
990 3068 1109 3138 Mudotq

89 3153 155 3192 suos
169 3139 197 3192 A
210 3137 220 3210 li
233 3138 269 3193 10
281 3138 433 3208 loquentur
445 3142 473 3194 A
487 3156 555 3195 corr,
569 3140 614 3195 ool
633 3182 638 3194 .
685 3140 721 3194 12
738 3156 861 3208 namque
878 3140 954 3195 idem
973 3139 1109 3195 Schultess

89 3210 115 3278 (c
128 3226 151 3263 r.
167 3226 208 3292 ep.
223 3213 266 3276 95,
277 3213 322 3282 64)
345 3226 412 3265 nam
430 3210 545 3279 quidem
563 3213 590 3266 A
608 3156 653 3284 ill
693 3211 769 3266 uires
787 3227 856 3266 corr.
870 3228 905 3266 cr
921 3210 992 3264 uiris
1005 3211 1081 3263 A¹·¹
1099 3209 1106 3294 l

89 3294 194 3335 conara
231 3280 291 3335 alta
315 3283 456 3352 temptare
478 3287 506 3336 A
530 3299 599 3338 corr.
620 3283 736 3350 Vahlen,
759 3299 821 3338 eam
838 3288 922 3337 autea
939 3286 990 3336 aut
1012 3296 1108 3335 conari

89 3349 162 3418 alta,
180 3353 320 3421 temptare
338 3360 388 3409 aut
411 3354 520 3421 conari,
539 3353 600 3408 alta
617 3355 638 3408 t.
657 3355 819 3410 comedar
840 3352 851 3425 ΙΙ
872 3352 908 3407 20
926 3353 1021 3408 mente
1038 3368 1107 3408 corr.

89 3437 124 3476 cc
141 3425 264 3479 mentem
278 3425 306 3477 A
325 3423 336 3498 ΙΙ
357 3424 393 3479 22
412 3424 643 3494 comoediamque
657 3426 777 3495 Madvig
795 3441 858 3479 cum
877 3424 993 3478 audiam
1012 3440 1067 3490 quo
1083 3424 1114 3474 A

89 3507 145 3560 quo
158 3494 329 3549 manducum
345 3495 426 3551 Geta
440 3513 496 3565 quo
511 3495 548 3550 ad
561 3495 677 3551 Uticam
689 3495 763 3551 (lato
777 3495 920 3552 Scbuttees
932 3509 991 3561 ege
1000 3491 1138 3541 metam

88 3578 213 3619 meorum
232 3565 328 3620 eodeni
348 3565 428 3622 vultu
446 3567 581 3640 audiam,
600 3586 659 3640 quo
676 3584 781 3625 meam
795 3563 908 3622 deese
926 3564 969 3616 P.
981 3559 1116 3614 mamea
