2400 3840
97 197 160 262 128
298 193 328 248 L.
342 191 485 247 ANNAEI
503 191 668 247 SENECAE
685 191 781 248 DIAL.
795 191 863 248 LIB.
877 191 911 249 V.

94 338 266 406 exercens?
310 336 338 405 is
363 339 457 403 illum
485 341 559 403 ante
580 338 712 403 bustum
736 336 849 416 Quinti
872 336 978 404 Catuli
1006 360 1113 424 carpe-

94 429 150 493 bat
168 429 377 515 gravissimus
396 427 560 492 mitissimi
578 428 640 491 viri
658 428 833 511 cineribus,
851 449 950 512 supra
967 449 1050 512 quos
1064 430 1113 493 vir

94 518 172 583 mali
194 518 347 602 exempli,
377 517 543 602 popularis
572 519 681 580 tamen
710 519 743 582 et
770 538 838 582 non
866 520 933 582 tam
961 517 1112 584 inmerito

95 629 191 689 quam
222 607 319 671 nimis
349 610 474 671 amatus
507 628 565 689 per
593 605 758 671 stillicidia
790 607 978 692 sanguinem
1007 607 1111 672 dabat.

94 697 210 781 dignus
233 698 302 761 erat
323 694 444 761 Marius
469 696 524 778 qui
546 695 604 760 illa
625 698 802 780 pateretur,
831 692 923 760 Sulla
946 695 1002 778 qui
1026 697 1111 762 iube
1138 713 1148 756 s

93 789 156 867 ret,
178 783 316 851 Catilina
340 786 395 868 qui
413 785 548 867 faceret,
570 783 625 850 sed
648 783 782 870 indigna
803 807 853 850 res
876 784 1007 869 publica
1030 808 1111 870 quae

93 874 127 937 in
150 895 267 959 corpus
286 896 380 940 suum
398 874 518 959 paritm
536 876 569 938 et
586 873 729 939 hostium
752 876 785 938 et
802 873 966 939 vindicum
984 875 1111 960 gladios

57 964 255 1049 ereciperet.
302 964 380 1047 quid
408 964 541 1045 antiqua
567 961 772 1046 perscrutor?
817 962 913 1027 modo
942 961 975 1027 G.
996 961 1111 1030 Caesar

93 1050 164 1117 Sex.
187 1052 376 1137 Papinium,
402 1053 455 1117 cui
484 1055 576 1136 pater
603 1054 672 1115 erat
694 1052 884 1135 consularis,
913 1051 1110 1117 Betilienum

91 1141 229 1207 Bassum
246 1144 447 1224 quaestorem
462 1162 565 1223 suum,
578 1141 797 1223 procuratoris
816 1140 866 1206 sui
879 1141 993 1225 filium,
1017 1142 1111 1207 alios-
1128 1161 1148 1201 a

93 1253 154 1314 que
177 1235 210 1294 et
232 1233 394 1295 senatores
421 1231 454 1294 et
476 1230 599 1311 equites
622 1228 786 1296 Romanos
809 1251 874 1294 uno
898 1230 949 1294 die
972 1229 1111 1316 flagellis

56 1339 73 1386 4
92 1319 221 1401 cecidit,
243 1319 351 1401 torsit,
373 1338 440 1382 non
459 1318 655 1401 quaestionis
674 1318 730 1383 sed
748 1319 848 1383 animi
865 1340 976 1403 causa3
994 1320 1111 1385 deinde

92 1407 170 1471 adeo
194 1407 354 1490 inpatiens
373 1407 437 1470 fuit
455 1407 646 1472 differendae
664 1408 841 1492 uoluptatis
850 1456 860 1490 ,
883 1429 979 1492 quam
999 1409 1110 1494 ingen-

91 1500 157 1558 tem
181 1494 351 1560 crudelites
384 1497 452 1561 eius
476 1497 544 1561 sine
568 1496 721 1561 dilatione
743 1497 910 1581 poscebat,
936 1497 1032 1561 utin
1054 1521 1111 1582 xy-

92 1588 142 1648 sto
157 1588 374 1649 matamorum
393 1584 576 1668 hortorum,
599 1585 655 1669 qui
667 1587 829 1671 porticum
848 1609 867 1650 a
884 1587 956 1671 ripa
973 1591 1111 1671 separat
1127 1604 1148 1645 ιι

90 1674 293 1740 inambulans
317 1675 473 1758 quosdam
492 1697 531 1739 ex
553 1674 619 1739 illis
643 1696 716 1739 cum
739 1675 895 1740 matronis
917 1679 1014 1758 atque
1037 1677 1109 1741 aliis

91 1763 291 1828 senatoribus
328 1763 368 1829 ad
405 1765 570 1830 lucernam
605 1764 785 1829 decollaret.
839 1764 917 1846 quid
946 1765 1110 1830 instabat?

91 1854 177 1935 quod
204 1853 383 1937 periculum
411 1858 468 1919 aut
493 1854 656 1939 priuatum
684 1856 740 1917 aut
762 1853 928 1937 publicum
955 1876 1023 1918 una
1042 1876 1110 1919 nox

89 1942 293 2007 minabatur?
338 1944 530 2027 quantulum
558 1943 622 2007 fuit
642 1943 748 2007 lucem
771 1945 939 2025 expectare
962 1943 1108 2028 denique,

89 2054 129 2095 ne
152 2037 314 2096 senatores
337 2033 451 2117 populi
474 2031 613 2096 Romani
636 2032 776 2096 soleatus
800 2032 974 2096 occideret!
1126 2050 1148 2090 ιι

55 2138 69 2186 1
178 2120 263 2185 XJX.
302 2120 405 2197 Quam
424 2121 561 2205 superba
574 2121 672 2185 fuerit
695 2121 866 2185 crudelitas
890 2121 958 2185 eius
981 2121 1023 2185 ad
1040 2143 1109 2186 rem

88 2210 228 2290 pertinet
250 2210 345 2293 scire,
372 2230 567 2293 quamquam
591 2209 735 2274 aberrare
759 2209 855 2274 alicui
877 2209 1040 2293 possimus
1063 2211 1110 2274 vi-

89 2296 157 2360 deri
180 2302 212 2361 et
234 2298 269 2361 in
292 2299 420 2363 derium
444 2299 543 2381 exire3
566 2297 621 2362 sed
644 2296 707 2363 hoc
729 2299 837 2382 ipsum
859 2320 933 2383 pars
957 2299 1020 2363 erit
1042 2300 1109 2364 irae

89 2407 185 2469 super
215 2387 311 2450 solita
340 2387 519 2453 saevientis.
572 2386 730 2451 ceciderat
760 2386 898 2473 flagellis
931 2391 1108 2458 senatores:

88 2475 157 2576 ipse
179 2475 297 2558 effecit,
320 2479 357 2540 ut
375 2475 439 2540 dici
456 2477 566 2559 posset
584 2473 679 2540 ‘solet
701 2476 791 2560 fieri'3
809 2479 947 2541 torserat
964 2499 1023 2560 per
1041 2499 1108 2542 om·
1124 2493 1148 2534 2⁶

87 2564 154 2647 nia,
186 2585 266 2646 quae
295 2564 329 2627 in
356 2585 463 2628 rerum
485 2567 601 2628 natura
623 2565 808 2630 tristissima
836 2568 930 2648 sunt,
957 2565 1108 2649 fidiculis,

177 2721 194 2775 1
208 2737 348 2777 exercens.
363 2720 457 2775 sillum
470 2722 499 2777 A
518 2720 540 2792 (1
553 2722 617 2778 add.
632 2721 674 2778 A¹
687 2728 737 2777 cat
732 2720 802 2805 Μ)
815 2721 826 2794 tl
843 2722 1037 2792 retegentem
1046 2723 1108 2778 AL

87 2791 187 2862 ingens
206 2793 362 2848 Pincianae
379 2809 413 2847 ee
431 2805 449 2847 s
470 2793 581 2862 inquies
606 2792 739 2848 Gruter
730 2809 845 2848 incensa
869 2792 985 2849 Gertz
976 2812 1028 2865 mg
1029 2794 1107 2849 enita

87 2864 247 2935 Petaebeaiy
270 2866 416 2932 tamquam
441 2864 586 2948 ingenim
608 2865 796 2920 tauriana
821 2863 832 2937 11
859 2864 895 2919 16
916 2813 1105 2921 inambulans.

87 2934 224 3004 quosdam
243 2935 335 2990 exillis
354 2936 554 2990 cummatronis
573 2935 665 3005 adque
684 2937 763 3005 (corr.
778 2934 830 3005 A')
849 2935 913 2990 aliis
928 2936 1107 2992 senatoribus

86 3007 131 3073 A,
147 3006 289 3062 eerborane
307 3007 456 3062 ordinem
444 3025 476 3062 ιιι
489 3008 547 3062 cod
562 3007 696 3064 amiam
709 3007 833 3075 defendit
821 3008 877 3063 tJ.
891 3009 995 3064 Valles
1008 3009 1105 3064 Herm

87 3078 182 3133 XXX
193 3095 223 3148 p.
238 3082 285 3144 37;
309 3079 389 3133 certe
418 3078 556 3147 quosdam
581 3094 615 3132 ex
639 3078 697 3133 illis
722 3085 786 3136 cate
809 3077 989 3134 inambulans
1014 3086 1105 3136 trans-

82 3151 178 3219 posuit
199 3150 329 3219 Lipsius,
350 3155 416 3219 post
440 3149 616 3204 senatoribus
640 3149 734 3216 chb5
759 3151 857 3206 melias
881 3157 950 3206 certe
975 3152 1107 3207 collocari

86 3228 191 3277 antec.
215 3221 246 3275 in
268 3223 350 3290 xysto
373 3222 431 3290 ipre
452 3228 543 3277 moeret
531 3221 665 3278 thbtea
686 3221 702 3275 1.
719 3222 736 3275 1.
764 3219 774 3294 ll
800 3221 836 3275 la
858 3239 952 3278 vereor
968 3239 1003 3278 ae
1020 3224 1107 3279 nimis

86 3300 165 3348 crate
183 3294 351 3348 eorreeeriat
368 3294 581 3362 expectaretq
580 3291 729 3347 uantulum
743 3291 799 3346 fuit
813 3292 1030 3350 calciamentum
1043 3311 1105 3348 mu-

85 3367 147 3418 tare
161 3363 247 3434 deniq
246 3379 283 3418 ne
295 3363 377 3420 Gertz
391 3371 416 3419 et
429 3380 482 3434 exp
484 3366 577 3419 actare
579 3362 764 3432 ‚quantulum
775 3364 896 3434 demque
904 3365 966 3421 Joa
975 3366 1083 3422 matter
1083 3366 1107 3449 ΙΙ

84 3435 121 3488 22
135 3435 222 3490 alicui
228 3383 347 3492 qFickert
360 3435 449 3505 aliqui
463 3383 491 3491 A
506 3407 613 3504 aliqdoi
627 3435 710 3490 Gertz
723 3433 832 3505 obliqui
837 3435 1105 3576 Schulteaqpppcssi-

80 3523 146 3558 mus
164 3508 193 3560 A
216 3523 368 3575 possumus
392 3454 543 3579 ι(Ῑο19.,ειι1
567 3507 617 3574 cfr.
639 3507 838 3562 (1111171126
860 3513 877 3563 7
898 3508 949 3565 bea
996 3510 1105 3577 115,3

66 3577 156 3641 (essese‘.
173 3581 301 3652 121,ssss
