2400 3840
349 158 399 213 on
417 158 670 214 rnovmnurm
688 157 764 215 cle.
781 165 804 215 1.
821 165 836 213 2
1079 164 1099 228 3

82 303 151 369 eius
174 305 415 392 aemulatorque
439 308 472 369 et
494 325 569 370 vera
588 305 773 391 progenies,
797 326 893 388 quam
911 327 1026 390 parens
1046 307 1100 371 ille

81 393 287 479 magnificus,
315 393 474 459 virtutum
502 416 570 459 non
598 395 680 459 lenis
711 397 854 477 exactor,
884 394 967 461 sieut
999 396 1101 460 severi

80 485 202 567 patres,
225 483 336 547 durius
360 483 483 548 educet
524 483 634 566 itaque
657 505 730 548 cum
754 483 871 548 videris
892 485 995 549 bonos
1014 484 1136 550 viroso

81 575 294 657 acceptosque
324 572 385 636 diis
414 573 576 655 laborare,
604 573 733 656 sudare,
755 595 813 657 per
835 573 971 638 arduum
994 594 1101 639 escen-

48 661 170 745 cdere,
205 662 307 726 malos
344 665 453 749 autem
488 661 636 727 lascivire
673 665 705 726 et
738 662 960 746 voluptatibus
993 663 1102 745 fluere,

81 750 190 835 cogita
225 751 366 815 filiorum
403 771 463 816 nos
500 751 659 816 modestia
695 750 860 834 delectari,
891 753 1101 817 uernularum

80 839 226 922 licentia,
254 840 327 904 illos
358 839 529 924 disciplina
559 840 695 904 tristiori
718 840 889 925 contineri,
918 840 1035 905 horum
1058 841 1124 906 ali>

81 928 257 993 audaciam.
298 928 384 993 idem
406 929 468 994 tibi
490 929 531 994 de
553 929 613 994 deo
636 929 772 1013 liqueat:
795 929 917 994 bonum
939 929 1044 994 virum
1066 931 1102 994 in

81 1016 203 1083 deliciis
221 1017 418 1102 nonhabet,
441 1018 620 1103 experitur,
642 1018 785 1102 indmat,
809 1018 870 1083 sibi
888 1017 982 1083 illum
1000 1021 1101 1102 purat.

35 1149 62 1187 ιο
170 1121 209 1188 Π.
241 1123 363 1202 ‘Quare
395 1127 499 1190 multa
530 1125 624 1191 bonis
647 1125 725 1190 viris
756 1125 889 1190 adversa
911 1125 1136 1191 eveniunt?'1

79 1213 163 1278 nihil
192 1213 336 1279 accidere
365 1214 452 1279 bono
482 1213 552 1280 viro
582 1214 660 1279 mali
686 1217 808 1299 potest:
837 1237 905 1280 non
927 1214 1103 1280 miscentur

80 1303 250 1368 contraria
295 1303 567 1387 quemadmodum
589 1307 641 1369 tot
664 1324 788 1387 amnes,
814 1307 941 1369 tentum
965 1324 1102 1388 superne

80 1390 279 1457 deiectorum
310 1393 478 1476 imbrium,
505 1396 597 1458 tante
626 1392 859 1458 medicatorum
882 1394 930 1458 vis
961 1392 1101 1457 fontium

79 1501 147 1545 non
169 1485 298 1546 mutant
320 1500 467 1566 saporem
491 1483 604 1567 maris,
631 1505 673 1546 ne
695 1482 867 1547 remittunt
890 1482 1034 1567 quidem,
1056 1483 1102 1546 ite

35 1591 61 1631 15
81 1570 286 1635 adversarum
316 1571 456 1655 impetus
485 1594 593 1636 rerum
623 1572 684 1636 viri
710 1572 804 1641 fortis
827 1594 894 1636 non
915 1571 1013 1636 vertit
1036 1572 1102 1636 ani·

81 1680 188 1722 mum:
225 1663 334 1723 manet
365 1660 400 1723 in
432 1663 519 1724 stetu
552 1664 585 1725 et
617 1660 769 1744 quiequid
803 1661 909 1726 evenit
939 1661 975 1725 in
1007 1682 1101 1726 suum

83 1746 224 1810 colorem
252 1746 365 1829 trehit3
393 1751 442 1812 est
469 1748 554 1812 enim
584 1750 733 1814 omnibus
761 1749 901 1814 externis
928 1750 1100 1834 potentior.

82 1855 143 1899 nec
160 1834 223 1898 hoc
242 1833 328 1900 dico:
350 1856 418 1899 non
435 1837 534 1901 sentit
551 1837 622 1920 illa,
640 1837 695 1902 sed
711 1839 812 1903 vincit
826 1843 859 1903 et
873 1839 995 1920 alioqui
1015 1817 1100 1922 quie·
1120 1856 1136 1903 2

82 1928 135 1988 tus
165 1923 375 2008 placidusque
405 1927 517 1989 contre
547 1925 744 1990 incurrentia
773 1927 941 1991 attollitur.
994 1928 1102 1991 omnia

36 2035 62 2074 ro
81 2013 215 2078 adverse
238 2013 482 2078 exercitationes
501 2017 604 2098 putat.
650 2014 722 2098 quis
741 2018 863 2098 eutem,
886 2015 936 2079 vir
953 2014 1050 2080 modo
1070 2020 1102 2081 et

81 2105 205 2168 erectus
237 2102 277 2167 ad
303 2102 457 2185 honeste,
479 2123 546 2168 non
568 2105 619 2168 est
640 2103 760 2169 laboris
789 2103 941 2188 adpetens
969 2104 1046 2170 iusti
1070 2108 1102 2170 et

80 2191 121 2256 ad
144 2191 252 2257 officia
275 2213 349 2258 cum
376 2193 520 2277 periculo
549 2193 743 2277 promptus?
779 2193 832 2258 cui
853 2214 921 2258 non
942 2193 1101 2260 industrio

81 2280 183 2351 otium
202 2303 307 2366 poene
325 2281 396 2346 est?
418 2281 555 2347 athletas
575 2281 735 2367 ridemus,
753 2283 870 2365 quibus
888 2283 1006 2348 virium
1026 2305 1102 2348 cure
1121 2298 1136 2345 3

81 2375 143 2454 est,
166 2391 240 2436 eum
257 2370 442 2436 fortissimis
467 2371 649 2456 quibusque
673 2371 845 2459 confligere
864 2376 897 2436 et
915 2372 1042 2458 exigere
1061 2372 1100 2436 eb

35 2478 61 2518 er
80 2459 108 2523 is
138 2481 196 2543 per
227 2479 309 2543 quos
341 2460 508 2525 certamini
538 2466 783 2545 praeparantur,
814 2465 853 2525 ut
881 2461 959 2525 totis
990 2464 1102 2525 contra

81 2547 169 2632 ipsos
191 2549 314 2613 viribus
337 2552 485 2633 utentum
513 2549 603 2615 caedi
625 2571 659 2614 se
682 2551 855 2633 vexarique
878 2549 1047 2634 patiuntur
1069 2554 1102 2613 et

82 2636 110 2700 si
136 2658 203 2701 non
229 2638 399 2703 inveniunt
429 2639 575 2724 singulos
601 2660 709 2723 peres,
737 2639 885 2725 pluribus
914 2638 1010 2702 simul
1034 2638 1101 2702 obi·

82 2725 219 2791 ciuntur.
264 2731 386 2793 marcet
413 2727 482 2792 sine
510 2727 692 2792 adversario
714 2729 832 2811 virtum
856 2731 941 2817 'tunc
968 2731 1137 2812 apparete

82 2818 203 2898 quanta
220 2815 264 2880 sit
303 2820 504 2899 uentumque
522 2817 657 2901 polleat,
676 2838 749 2881 cum
765 2815 842 2899 quid
861 2815 965 2900 possit
978 2814 1101 2900 patien-

35 2925 62 2963 eo
80 2904 127 2969 tia
150 2838 312 3004 ostendii
345 2905 427 2971 scies
453 2905 531 2970 lieet
557 2904 642 2970 idem
665 2906 743 2970 viris
770 2905 864 2970 bouis
889 2925 957 2970 esse
984 2904 1101 2969 facien·

81 2993 172 3077 dum,
194 2998 232 3058 ut
250 2992 330 3059 dure
353 3016 390 3060 ac
409 2993 554 3059 difficilia
575 3017 643 3059 non
664 2992 876 3060 reformident
896 3015 957 3058 nec
975 2993 1014 3057 dc
1032 2992 1100 3056 fato

171 3169 377 3238 1emu1at0rq3
401 3170 429 3223 A
453 3168 463 3241 ll
488 3168 506 3224 2
530 3169 659 3241 nonlenis
678 3169 747 3296 Api
772 3169 813 3223 sic
837 3170 871 3222 nt
888 3169 917 3222 A
941 3173 973 3220 et
995 3180 1074 3232 coepe
1092 3164 1101 3236 14

79 3240 97 3293 3
116 3243 212 3309 patres
221 3240 264 3296 A⁶
278 3242 312 3310 (1)
325 3241 422 3309 partes
436 3240 478 3295 A¹
495 3240 505 3312 14
523 3239 705 3324 descendere
747 3242 893 3310 eoparcius
911 3236 1045 3293 excedere
1059 3236 1101 3288 A¹

79 3327 148 3367 cerr.
167 3314 200 3366 ic
217 3311 371 3367 excendere
389 3310 432 3368 A¹
448 3311 458 3384 11
480 3312 515 3366 11
535 3312 665 3367 meh1lA
683 3319 716 3367 ut
732 3315 789 3380 tere
807 3326 909 3378 semper
930 3307 941 3379 14
963 3306 999 3360 12
1018 3321 1101 3374 quem

81 3383 185 3437 emodr'r
198 3385 226 3438 A
244 3382 254 3456 ll
271 3383 307 3438 18
326 3383 382 3468 elio
401 3383 451 3452 qui
469 3385 626 3468 (conluserit
642 3401 677 3438 m.
691 3386 719 3452 2)
734 3384 762 3438 A
780 3381 790 3454 Η
807 3381 843 3435 23
860 3394 935 3464 pena
949 3379 977 3433 A
994 3384 1028 3461 ut
1044 3377 1101 3444 fere

79 3470 183 3523 semper
200 3453 210 3526 11
227 3453 264 3509 24
277 3454 313 3509 eb
328 3472 352 3510 rs
367 3455 508 3510 Rossbach
522 3454 569 3525 (ab
583 3455 795 3523 usWeeeoterpl
810 3450 892 3506 abhrs
906 3451 934 3505 A
953 3448 989 3503 ab
1004 3464 1044 3504 ers
1059 3464 1076 3506 ς
1092 3449 1102 3521 ll

80 3524 116 3579 29
133 3525 275 3594 patientia
292 3543 326 3581 ec
343 3526 425 3595 petie
443 3542 511 3581 corr.
527 3525 570 3580 A²

871 3627 904 3681 Χ*
