2400 3840
351 201 402 256 on
419 201 484 256 nes
501 192 568 256 nm.
582 200 629 257 111.
662 199 847 257 cAP.1o.ao
1052 203 1115 270 129

96 347 262 431 talaribus,
284 347 404 430 eculeo,
426 346 509 432 igne,
531 347 626 412 vultu
648 367 715 412 suo.
751 350 786 412 et
806 347 870 414 hoo
890 348 964 413 loco
987 365 1150 432 respon-a

98 436 238 502 debitur:
261 435 424 522 ‘magnam
447 436 529 500 remi
557 436 585 501 si
607 439 672 501 tres
691 439 853 501 senatores
868 437 961 520 quasi
976 457 1116 520 nequam

97 526 260 610 mancipia
286 526 371 590 inter
396 525 533 590 verbera>
555 527 588 590 et
614 524 761 590 flammas
784 524 894 590 divisit
915 526 1029 609 homo,
1061 526 1117 608 qui

98 615 137 680 de
166 617 237 680 toto
266 618 379 680 senatu
401 613 591 680 trucidando
614 615 793 700 cogitabat,
826 615 882 698 qui
905 615 1052 701 optabat,
1080 617 1118 679 ut

65 704 238 790 opopulus
266 702 439 768 Romanus
463 725 561 768 unum
589 703 745 768 cervicem
768 703 913 787 haberet,
943 707 981 769 ut
999 705 1118 770 scelera

98 809 157 859 sus
179 796 231 858 tot
251 792 333 858 locis
356 813 394 858 ec
412 792 612 876 temporibus
631 791 762 858 diducta
784 792 819 856 in
837 814 938 857 unum
961 793 1062 858 ictum
1086 796 1118 861 et

98 902 200 946 unum
224 881 308 947 diem
332 881 482 967 cogeret?
528 881 605 965 quid
628 885 695 946 tam
718 881 899 946 inauditum
923 904 1021 966 quam
1041 902 1118 948 noc-

98 974 230 1036 tnmum
254 971 472 1055 supplicium?
517 992 591 1036 oum
613 970 789 1036 latrocinia
806 970 948 1037 tenebris
964 971 1118 1037 abscondi

98 1059 237 1144 soleant,
268 1060 573 1144 animadversiones,
605 1080 670 1144 quo
693 1061 837 1125 notiores
859 1064 949 1145 sunt,
980 1061 1054 1145 plus
1084 1060 1119 1124 in

53 1171 80 1212 ro
98 1150 281 1234 exemplum
310 1149 630 1231 emendationemque
659 1149 839 1233 proficiant.
891 1152 924 1214 et
952 1149 1016 1215 hoc
1043 1150 1152 1215 locos

95 1238 344 1323 respondebitur
371 1239 465 1304 mihi:
498 1238 600 1321 ‘quod
619 1242 711 1304 tanto
735 1259 831 1324 opere
854 1238 1036 1322 admiraris,
1063 1237 1118 1303 isti

97 1328 210 1393 beluae
228 1327 427 1394 cotidianum
450 1331 512 1412 est3
535 1327 656 1393 adhoc
674 1328 769 1412 vivit,
792 1328 832 1392 ad
850 1328 913 1394 hoe
931 1328 1055 1414 vigilat,
1077 1326 1118 1392 ad

97 1417 161 1483 hoo
188 1417 358 1482 lucubrat?
407 1438 502 1482 nemo
533 1421 618 1483 certe
647 1416 829 1482 inuenietur
855 1416 951 1501 odius,
981 1417 1038 1501 qui
1060 1416 1118 1481 im-

97 1507 258 1590 peraverit
281 1507 431 1572 omnibus
454 1507 504 1589 iis,
526 1506 561 1570 in
580 1527 661 1590 quos
684 1506 897 1572 animadverti
915 1506 1058 1590 iubebat,
1081 1525 1118 1570 os

53 1595 218 1661 reinserta
245 1616 389 1681 spongea
415 1594 552 1678 includi,
573 1617 614 1660 ne
637 1596 726 1661 vocis
749 1596 942 1662 emittendae
964 1596 1119 1661 haberent

97 1684 293 1748 facultatem.
348 1684 401 1748 oui
433 1703 588 1766 umquam
614 1685 772 1749 morituro
799 1706 866 1749 non
893 1689 942 1750 est
969 1685 1118 1750 relictum

98 1771 348 1925 atstssmsti
377 1773 1119 1945 „ttttftsttrtristibus}

99 1947 220 2013 sciebat
254 1952 362 2014 autem
395 1949 645 2013 'innumerabilia
678 1969 760 2033 esse,
799 1970 880 2033 quae
912 1949 1037 2015 obicere
1069 1949 1119 2013 illi

52 2059 81 2100 ao
97 2058 193 2103 nemo
221 2037 285 2103 nisi
306 2039 469 2123 periturus
492 2037 630 2102 auderet.
686 2059 760 2102 cum
792 2058 953 2124 spongeae
979 2058 1046 2102 non
1072 2038 1153 2104 in·4

97 2127 297 2212 venirentur,
324 2127 427 2193 scindi
454 2127 647 2194 vestimentu
672 2127 863 2191 miserorum
886 2126 976 2192 etin
999 2147 1040 2192 os
1057 2125 1119 2191 far·

98 2217 158 2283 ciri
180 2238 304 2302 pannos
341 2217 520 2302 imperavit.
558 2237 640 2300 quae
667 2216 737 2282 ista
759 2215 892 2282 saevitia
918 2214 989 2281 est?
1023 2216 1120 2282 liceat

98 2302 250 2371 ultimum
279 2306 429 2391 spiritum
452 2307 590 2390 trahere,
620 2306 671 2371 da·
688 2305 831 2372 exiturae
854 2305 979 2371 animae
1000 2304 1119 2390 locum,

97 2395 198 2461 liceat
216 2396 306 2460 illam
329 2417 396 2462 non
418 2417 476 2481 per
498 2397 615 2461 vuinus
639 2396 798 2461 emitteret
830 2394 954 2461 adicere
976 2395 1028 2460 his
1049 2396 1153 2460 lon-s

52 2503 80 2546 ss
99 2504 177 2570 gum
200 2487 263 2568 est,
290 2485 377 2568 quod
400 2489 507 2570 patres
531 2506 660 2569 quoque
683 2483 863 2551 occisorum
890 2483 1002 2549 eadem
1023 2488 1119 2550 noete

99 2573 240 2639 dimissis
263 2595 320 2658 per
343 2574 456 2639 domos
479 2575 721 2640 centurionibus
744 2573 896 2658 conscie,
919 2574 1034 2656 idest,
1063 2574 1119 2638 ho-

99 2683 153 2726 mo
177 2662 358 2729 misericors
376 2663 469 2730 luctu
486 2663 650 2748 liberavit3
672 2664 843 2729 nonenim
863 2660 923 2728 (iai
943 2662 1120 2746 saevitiam,

99 2750 154 2816 sed
177 2751 262 2835 irae,
283 2753 487 2837 propositum
510 2755 559 2817 est
582 2753 771 2818 describere:
799 2774 880 2837 quae
902 2775 970 2817 non
992 2755 1119 2818 tantum

99 2840 221 2906 viritim
251 2840 333 2905 furit
361 2841 416 2906 sed
445 2844 557 2928 gentes
587 2845 672 2907 totas
702 2842 859 2925 lancinat,
889 2841 946 2907 sed
968 2841 1064 2907 urbes
1087 2845 1120 2905 et

53 2948 82 2990 so
99 2928 236 2995 flumina
269 2932 302 2994 et
335 2933 409 2994 tuta
440 2930 480 2995 ab
511 2931 600 2994 omni
630 2950 728 2996 sensu
750 2930 871 2996 doloris
901 2931 1118 2996 converberat.

188 3017 259 3084 XX.
293 3016 347 3084 Sic
369 3041 426 3084 rex
443 3018 614 3084 Persarum
637 3019 738 3084 totius
757 3020 873 3105 populi
889 3041 982 3085 nares
1005 3018 1152 3084 reciditr

100 3107 135 3171 in
162 3104 269 3192 Syria,
296 3107 381 3173 unde
408 3106 629 3174 Rhinocolura
654 3109 728 3174 loco
755 3129 875 3173 nomen
901 3112 958 3175 est.
1008 3129 1119 3192 peper-
1178 3170 1181 3177 ⁴

100 3197 182 3262 cisse
210 3197 305 3262 illum
334 3197 470 3283 iudicas,
501 3198 587 3281 quod
616 3219 684 3263 non
710 3201 780 3262 tota
809 3198 917 3282 capita
942 3194 1120 3281 praecidit?

189 3352 208 3408 2
221 3369 315 3423 nequa
324 3355 352 3410 A
364 3353 375 3428 Η
388 3354 424 3410 10
437 3356 588 3425 proficiant
596 3357 625 3411 A
638 3353 894 3478 proficiuntoolppt
907 3354 943 3408 15
956 3367 1082 3423 spongea
1090 3354 1119 3409 A

100 3425 175 3494 (item
188 3426 267 3493 infra
280 3443 305 3480 o.
319 3430 356 3482 20
381 3427 500 3511 spongia
513 3428 582 3498 oolp.
600 3427 603 3498 t
624 3426 733 3482 includi
743 3427 770 3482 A
788 3426 878 3482 intere
889 3425 940 3480 udi
959 3425 1125 3491 Wesenberu

100 3495 213 3550 occludi
241 3496 324 3554 Gertz
365 3495 370 3570 Ι
397 3497 434 3553 26
457 3498 489 3553 sd
516 3503 560 3554 est
584 3500 611 3555 L
637 3504 670 3555 ut
700 3499 840 3557 Micam
861 3498 938 3553 scot.
962 3495 1056 3548 abest
1083 3490 1160 3552 Ab

100 3566 136 3622 27
155 3565 274 3623 luctuA
293 3569 320 3639 (c
337 3584 392 3626 so.
408 3569 543 3644 cdd.A¹)

144 3671 263 3718 Emotis
274 3683 361 3725 orm
369 3678 390 3721 1.
401 3681 422 3723 1.
432 3681 469 3725 od
480 3682 619 3729 Hermes.
938 3673 961 3721 ἢ
