2400 3840
93 207 158 274 228
280 202 311 257 h.
325 201 468 256 ANNAEI
486 200 651 256 SENECAE
670 201 765 255 DIAL.
780 200 848 256 LIB.
862 200 922 256 VIL

59 369 75 416 1
94 350 153 433 ibi,
179 349 236 414 ubi
257 368 372 412 nocere
393 368 461 411 non
483 347 599 431 potuit.
643 346 691 412 sic
712 350 834 412 rostras
856 345 1123 415 halucinationes

94 440 163 504 fero
188 437 456 520 quemadmodum
474 434 619 520 Iuppiter
637 435 779 519 optimus
797 437 957 501 maximus
975 434 1123 521 ineptias

94 531 276 612 poetarum,
295 547 432 610 quorum
451 526 533 590 alius
552 525 602 589 illi
619 525 685 589 alas
704 525 863 610 inposuit,
882 525 965 590 alius
984 546 1123 611 cornua,

95 616 177 681 alius
208 616 389 680 adulterum
419 616 513 679 illum
543 614 670 678 induxit
701 618 734 679 et
761 615 999 698 abnoctantem,
1034 617 1123 682 alius

96 727 225 770 saevom
246 704 283 770 in
305 705 396 788 deos,
423 704 505 769 alius
528 703 674 788 iniquom
696 704 732 768 in
753 702 914 787 homines,
937 703 1021 769 alius
1046 728 1124 790 rap·
1153 727 1163 767 1

94 799 198 860 torem
221 794 435 881 ingenuorum
453 798 486 858 et
509 796 720 878 cognatorum
743 793 886 876 quidem,
909 792 992 857 alius
1016 796 1123 877 parri·

96 884 200 950 cidem
223 887 256 949 et
272 883 365 969 regni
382 883 480 948 alieni
497 882 687 967 paternique
706 886 974 967 expugnatorem:
998 884 1123 965 quihus

93 973 177 1038 nihil
199 973 288 1038 aliud
311 976 418 1038 actum
442 975 504 1055 est,
527 992 624 1055 quarn
646 975 684 1036 ut
705 972 811 1055 pudor
832 970 1021 1037 hominibus
1046 995 1124 1057 pec-

61 1063 189 1128 scandi
212 1063 403 1144 demeretur,
428 1062 456 1126 si
477 1061 558 1126 tales
580 1061 656 1126 deos
676 1060 893 1126 credidissent.
931 1059 988 1126 sed
1006 1082 1123 1144 quam-

96 1174 192 1235 quam
219 1153 282 1216 ista
309 1173 361 1215 me
383 1150 467 1214 nihil
488 1150 630 1232 laedant,
659 1153 765 1214 vestra
786 1153 895 1214 tamen
917 1169 976 1214 vos
999 1170 1122 1217 moneo
1141 1173 1164 1213 ro

95 1262 204 1307 causa:
236 1239 389 1323 suspicite
419 1239 584 1322 virtutem,
617 1238 736 1303 credite
767 1239 822 1322 iis,
853 1238 910 1323 qui
938 1239 1033 1303 illam
1065 1240 1123 1306 diu

96 1330 198 1395 secuti
225 1350 379 1412 magnum
407 1327 559 1411 quiddam
586 1328 674 1411 ipsos
698 1332 731 1393 et
754 1329 841 1410 quod
862 1329 898 1392 in
920 1327 988 1393 dies
1012 1329 1123 1396 maius

96 1422 248 1502 appareat
266 1415 357 1499 sequi
375 1416 528 1500 clamant,
547 1420 580 1481 et
598 1419 701 1501 ipsam
719 1420 757 1482 ut
775 1417 851 1482 deos
866 1437 904 1482 ac
917 1416 1123 1501 professores

97 1507 165 1571 eius
192 1509 230 1569 nt
260 1506 419 1571 antistites
444 1506 540 1571 colite
564 1509 608 1589 et,
637 1507 785 1589 quotiens
808 1507 930 1571 mentio
954 1527 1123 1573 sacrarum

95 1595 276 1659 litterarum
312 1595 533 1677 mtewenerit,
568 1594 673 1660 favete
704 1595 834 1681 linguis.
888 1596 952 1660 hoc
983 1597 1123 1662 verbum
1141 1617 1164 1659 11

96 1704 176 1767 non,
207 1687 245 1748 ut
276 1682 421 1768 plerique
454 1684 652 1767 existimant,
684 1707 703 1748 a
736 1685 846 1750 favore
875 1682 1029 1768 trahitur,
1064 1687 1123 1752 sed

96 1773 234 1857 imperat
261 1773 439 1856 silentium,
466 1777 503 1838 ut
529 1774 590 1839 rite
618 1773 728 1859 peragi
751 1774 855 1857 possit
878 1794 1004 1839 sacrum
1027 1776 1124 1841 nulle

96 1884 175 1928 voce
197 1863 283 1928 mala
306 1867 524 1947 opstrepente:
548 1864 634 1948 quod
657 1864 760 1927 multo
780 1862 882 1949 magis
900 1864 1123 1930 necessarium

97 1956 146 2018 est
172 1953 324 2036 imperari
351 1952 459 2036 vobis,
490 1957 540 2036 ut,
570 1952 718 2036 quotiens
746 1952 869 2036 aliquid
897 1973 937 2016 ex
963 1951 1021 2017 illo
1047 1975 1124 2037 pro·

96 2042 217 2107 feretur
253 2043 396 2125 oraculo,
432 2042 549 2107 intenti
580 2046 613 2107 et
644 2063 828 2126 compressa
859 2062 937 2106 voce
969 2040 1165 2108 1111111111

61 2146 171 2196 scum
203 2131 334 2196 sistrum
365 2131 481 2214 aliquis
511 2131 696 2196 concutiens
725 2153 765 2195 ex
792 2130 927 2214 imperio
952 2131 1123 2216 mentitur,

97 2241 171 2284 curn
195 2219 312 2304 aliquis
335 2220 463 2285 secandi
485 2222 622 2285 lacertos
641 2241 717 2285 suos
736 2220 852 2285 artifex
869 2218 1001 2284 brachia
1018 2224 1123 2305 atque

97 2329 224 2372 umeros
253 2330 408 2392 suspensa
434 2330 533 2372 mann
560 2312 719 2391 cruentat,
747 2330 820 2374 oum
851 2308 960 2392 aliqua
982 2309 1123 2394 genibus

97 2419 155 2480 per
183 2397 270 2462 viam
299 2419 413 2482 repens
443 2398 557 2461 ululat·
576 2397 767 2480 laurumque
789 2399 943 2464 linteatus
966 2419 1068 2464 senex
1090 2404 1124 2465 et

97 2485 202 2550 medio
229 2486 393 2551 lucernam
420 2486 472 2551 die
501 2486 683 2570 praeferens
713 2487 894 2552 conclamat
920 2485 1039 2552 iratum
1065 2488 1124 2554 ali·
1142 2509 1166 2550 ss

188 2713 204 2766 1
223 2711 358 2766 halucina
375 2713 504 2767 nationes
518 2714 547 2769 A
569 2713 579 2786 11
601 2713 779 2783 treptorem
797 2715 983 2784 ingenuorum
999 2716 1125 2788 Madvip

99 2785 244 2853 raptorum
261 2784 448 2854 ingenuorum
467 2787 657 2854 corruptorem
671 2786 699 2841 A
721 2787 769 2841 aed
786 2804 849 2840 rum
867 2789 899 2842 a'p
916 2787 1066 2855 raptorum
1080 2789 1124 2844 Α1

98 2857 131 2909 ip
153 2872 209 2911 rae.
228 2857 332 2911 maiore
348 2856 429 2912 solito
447 2858 632 2926 compendiose
648 2859 770 2926 scripsit,
790 2860 981 2928 corruptorem
998 2859 1066 2913 ium
1080 2861 1124 2916 A⁶

99 2929 131 2981 ia
147 2944 213 2994 raa,
230 2929 273 2983 ita
286 2934 390 2995 tamea,
403 2934 518 2983 atcerte
532 2929 696 2997 dispiciatur
709 2928 752 2983 A1
764 2929 809 2984 aa
821 2931 948 2985 habuisse
960 2931 1109 2998 raptorem
1113 2953 1124 2999 ‚·

98 3015 161 3069 erpo
186 3000 311 3055 dubitari
333 3000 429 3069 aequit
453 3000 521 3068 qaia
538 3000 581 3054 A¹
602 3001 742 3055 habuerit:
767 3003 910 3069 raptorem
932 3000 1124 3070 ingenuorum

99 3072 241 3139 raptorem
266 3070 276 3143 11
301 3070 336 3125 10
360 3072 386 3124 is
411 3073 507 3124 tamen
532 3070 620 3125 nichil
638 3072 681 3126 A¹
698 3088 766 3127 corr.
786 3090 820 3126 m.
840 3076 858 3127 5
882 3072 893 3144 11
917 3071 953 3126 14
975 3087 1124 3129 sacrarum

99 3141 258 3196 litteterum
273 3143 334 3212 (1.1.
348 3141 555 3211 philosophiae)
569 3143 629 3197 edd.
642 3145 754 3212 antiqq,
768 3145 815 3198 cui
828 3145 907 3198 Koch
926 3144 990 3198 bene
1004 3147 1126 3203 coemit

99 3214 166 3268 dial.
186 3215 218 3268 X
236 3217 309 3280 111
334 3229 415 3267 sacra
436 3213 597 3268 litterarum
615 3213 643 3268 A
668 3231 811 3269 sacrarum
832 3215 955 3269 vitarum
973 3215 1098 3288 Madoip
1115 3217 1126 3290 ΙΙ

100 3284 223 3338 lehun.
248 3284 367 3339 uerbum
381 3285 409 3340 A
425 3302 493 3340 corr.
507 3285 577 3354 culp.
591 3286 600 3356 11
618 3284 655 3339 lt
669 3285 843 3340 adseverem
857 3287 974 3355 Lipsiae
990 3284 1001 3358 ss
1019 3287 1053 3340 17
1070 3288 1125 3343 im-

99 3356 495 3498 1111111111
510 3355 1002 3497 raucaeque
1019 3361 1127 3488 111

97 3502 178 3564 440
194 3502 234 3568 (p,
255 3504 384 3568 474,25;
402 3505 514 3570 11111
532 3506 558 3555 1
576 3504 611 3555 11
630 3501 725 3570 Meu.)
750 3516 813 3555 cum
837 3500 941 3570 aliquis
962 3471 1046 3571 vop)
1057 3518 1127 3558 cum

83 3583 160 3622 anns
178 3571 281 3642 alique
302 3572 388 3631 Gertz
