2400 3840
112 203 177 272 154
284 197 934 258 ·r.ruurn1saunornn1rr.rra.v1.

73 365 87 414 1
197 345 237 412 H.
276 346 350 414 Scio
374 370 394 412 a
415 346 594 433 praeceptis
617 346 758 432 incipere
780 345 899 430 omnis,
921 346 978 431 qni
1000 368 1131 413 monere

109 438 249 523 aliquem
281 439 410 521 volunt,
440 436 476 500 in
506 436 662 521 exemplis
694 435 845 501 desinere.
895 438 1014 501 mutari
1042 436 1131 502 hunc

108 527 237 592 interim
260 546 383 592 morem
405 525 548 610 expedit3
571 526 664 590 aliter
686 525 772 590 eninr
794 546 868 590 cum
887 525 950 590 alio
969 526 1131 612 agendum

109 619 170 680 est:
207 615 363 699 quosdam
399 615 482 681 ratio
519 614 620 698 ducit,
657 614 849 699 quibusdam
880 615 1012 681 nomina
1043 614 1131 681 clara

109 704 301 789 opponenda
323 708 399 770 sunt
421 709 454 769 et
476 704 664 787 auctoritas,
687 723 768 788 quae
789 704 927 768 liberum
949 724 1016 769 non
1035 704 1130 769 relin-
1162 723 1175 765 s

72 797 187 878 aquat
218 794 361 859 animum
392 793 433 858 ad
464 792 609 878 speciosa
639 791 789 878 stupenti.
839 791 904 858 duo
926 792 986 858 tibi
1009 812 1130 878 ponam

108 886 181 946 ante
211 884 322 948 oculos
351 883 492 961 maxima
519 885 552 946 et
578 900 672 947 sexus
696 884 730 946 et
755 881 874 947 saeculi
895 882 945 946 tui
968 883 1129 966 exempla:

108 971 238 1037 alterius
274 971 426 1056 feminae,
462 990 544 1056 quae
581 992 615 1036 se
651 968 784 1035 tradidit
818 970 982 1036 ferendam
1013 970 1130 1056 dolori,

108 1061 252 1145 alterius,
282 1082 363 1146 quas
392 1060 463 1145 pari
492 1059 617 1126 adfecta
646 1080 735 1144 casu,
764 1060 885 1125 maiore
908 1059 1039 1144 damno,
1062 1082 1130 1126 non

107 1154 215 1214 tamen
244 1149 332 1214 dedit
359 1149 496 1235 longum
525 1149 560 1213 in
587 1170 621 1215 se
648 1149 741 1214 melis
764 1149 831 1214 suis
854 1148 1046 1233 dominium,
1073 1149 1129 1214 sed
1147 1168 1173 1209 ιο

71 1253 88 1301 3
108 1239 172 1304 cito
191 1239 333 1304 animum
351 1238 386 1302 in
404 1237 512 1304 sedem
530 1257 621 1303 suam
638 1238 790 1322 reposuit.
823 1235 1008 1317 Octavia-et
1025 1238 1128 1323 Livia,

107 1329 207 1392 altera
229 1348 322 1393 soror
343 1325 497 1413 Auffirsti,
527 1328 628 1405 altera
653 1348 749 1410 uxor,
776 1327 948 1392 amiserant
969 1327 1056 1392 lilios
1079 1328 1128 1392 iu-

106 1438 215 1501 venes,
251 1420 387 1501 unoque
423 1435 481 1501 spe
516 1416 618 1480 futuri
653 1416 809 1500 principis
846 1419 945 1481 certa:
992 1413 1127 1482 Octavia

105 1505 307 1590 Marcellum,
337 1505 389 1570 cui
419 1508 451 1570 et
480 1506 657 1571 avrmculus
681 1509 714 1569 et
736 1526 826 1571 socer
848 1504 1032 1571 incumbere
1054 1526 1127 1570 coe-

106 1599 210 1679 perat,
241 1595 276 1659 in
308 1615 403 1679 quern
436 1615 516 1659 onus
548 1592 664 1679 inperii
692 1594 861 1678 reclinare,
890 1594 1126 1671 adulescentem
1143 1612 1167 1654 rr

107 1685 214 1749 animo
237 1683 388 1767 alacrem,
410 1683 540 1769 ingenio
563 1686 741 1768 potentem,
762 1683 818 1749 sed
835 1683 1031 1769 frugalitatis
1049 1702 1125 1749 con·

106 1772 321 1858 tinentiaeque
351 1773 386 1836 in
414 1773 479 1838 illis
507 1776 563 1838 aut
585 1772 678 1837 armis
700 1776 756 1837 aut
779 1773 894 1857 opibus
916 1794 984 1837 non
1004 1771 1125 1838 medio·

107 1863 203 1928 criter
239 1862 457 1947 admirandae,
494 1863 668 1947 patientem
703 1861 866 1946 laborum,
901 1862 1124 1946 voluptatibus

108 1953 260 2036 alienum,
293 1955 586 2036 quantumcumque
618 1952 771 2036 inponere
800 1951 850 2015 illi
876 1951 1054 2016 avunculus
1083 1954 1124 2036 et,

107 2045 144 2105 ut
179 2042 225 2105 ita
261 2040 378 2126 dicam,
414 2041 616 2106 inaedificare
651 2039 819 2124 voluisset,
854 2040 1009 2125 laturum3
1044 2040 1126 2106 bene
1145 2057 1174 2100 ac

72 2143 89 2191 4
107 2129 229 2214 legerat
246 2131 329 2194 nulli
347 2151 475 2196 cessura
492 2129 628 2214 ponderi
643 2128 859 2194 fundamenta.
890 2128 1017 2194 nullum
1031 2129 1129 2195 finem

107 2238 165 2300 per
198 2240 291 2282 omne
320 2219 406 2284 vitae
436 2240 511 2283 suae
540 2222 668 2301 tempus
697 2217 796 2282 flendi
817 2216 1030 2305 gemendique
1052 2218 1130 2284 fecit

107 2326 167 2370 neo
189 2307 272 2372 ullas
296 2306 426 2372 admisit
447 2328 542 2372 voces
565 2308 704 2371 salutare
727 2307 850 2390 aliquid
872 2306 1059 2392 adferentis3
1087 2329 1129 2373 ne

108 2395 235 2460 avocari
259 2396 389 2478 quidem
416 2416 450 2460 se
477 2416 572 2478 passa
595 2397 656 2479 est,
683 2395 807 2460 intenta
828 2396 863 2460 in
885 2418 983 2462 unam
1005 2417 1074 2461 rem
1097 2401 1131 2462 et

108 2487 178 2548 toto
202 2485 309 2548 animo
333 2484 446 2549 adfixa.
483 2482 557 2548 talis
580 2504 639 2569 per
661 2505 789 2550 ornnem
806 2486 907 2551 vitam
925 2485 1001 2570 fuit,
1023 2486 1128 2570 qualis
1147 2503 1173 2546 rs

108 2573 143 2636 in
165 2573 289 2656 funere,
311 2594 378 2637 non
399 2573 471 2638 dico
489 2594 557 2638 non
579 2571 658 2659 [est]
681 2595 758 2638 ausa
776 2595 983 2660 consurgere,
1000 2574 1056 2640 sed
1074 2574 1129 2639 ad-

107 2662 207 2726 levari
234 2683 397 2746 recusans,
425 2661 597 2728 secundam
620 2663 790 2728 orbitatem
812 2663 957 2728 iudicans
978 2663 1129 2729 lacrimas

108 2751 262 2816 amittere.
284 2751 408 2817 nullam
429 2751 547 2817 habere
569 2751 742 2838 imaginem
760 2752 822 2816 filii
840 2752 997 2818 carissimi
1014 2752 1130 2836 voluit,

197 2871 233 2928 12
256 2871 409 2928 amiserant
432 2873 514 2928 Gertz
540 2873 694 2929 amiserunt
711 2874 740 2930 A
764 2872 775 2946 ll
801 2872 837 2928 15
858 2873 971 2944 imperii
993 2873 1063 2944 colo.
1084 2873 1128 2933 in-

107 2943 194 3012 periti
211 2945 240 3000 A
263 2944 274 3017 ll
300 2943 337 2999 16
357 2946 503 3014 potentem
522 2957 539 2998 ς
560 2944 737 3015 inpotentem
754 2944 783 3000 A
810 2944 820 3070 l
841 2943 891 3000 sed
909 2942 1084 3015 frugalitatis
1099 2945 1128 3000 A

108 3016 157 3070 sed
176 3017 205 3070 et
223 3015 261 3070 ir-
279 3028 297 3070 5
318 3017 381 3084 fort.
400 3023 483 3083 recte,
505 3017 558 3071 alii
580 3017 630 3071 sed
652 3017 739 3072 delere
762 3022 921 3072 mouerunt
983 3014 1020 3071 24
1042 3017 1127 3072 imer-

102 3088 254 3157 pwnctione
271 3092 379 3143 mutata
395 3088 478 3143 cerba
495 3087 606 3142 intenta
679 3087 765 3142 affixa
783 3089 902 3159 coaluus
993 3103 1048 3143 case
1065 3104 1128 3143 cum

107 3161 147 3215 cis
165 3174 235 3229 quae
248 3158 432 3228 praecederet.-
453 3175 489 3214 ne
513 3159 625 3214 avocari
645 3202 672 3215 ..
692 3174 777 3229 passa
800 3162 844 3214 est
867 3159 936 3214 melu
958 3160 993 3214 P.
1009 3158 1129 3215 Ἠιοηιαε

104 3231 259 3300 porcean
276 3235 359 3286 actea
376 3230 618 3301 interemtores.-
641 3230 807 3296 adferentis,
827 3246 862 3285 ne
881 3230 993 3285 avocari
1011 3228 1128 3298 quidem

108 3318 138 3357 se
160 3317 246 3371 passa
269 3303 324 3358 est:
347 3300 458 3356 intenta
478 3343 483 3354 .
500 3343 506 3356 .
523 3343 529 3357 .
549 3301 643 3356 adfixa
664 3301 731 3357 talis
756 3300 767 3374 ll
792 3301 829 3356 26
850 3304 894 3357 est
911 3302 949 3369 A,
967 3301 1040 3371 quod
1056 3303 1126 3374 colo.

108 3376 250 3441 maducat,
274 3374 306 3428 in
329 3389 347 3428 a
369 3388 399 3428 se
424 3372 506 3432 Gertz
528 3388 613 3441 σιγης
634 3374 759 3430 coculam
778 3373 874 3428 Haase
895 3374 937 3428 ito
959 3374 1078 3429 cewcoit
1096 3379 1129 3429 ut

107 3446 248 3500 semera:
267 3443 298 3498 in
315 3444 422 3500 funere.
449 3459 507 3498 non
525 3444 588 3499 dico
607 3461 664 3500 non
682 3447 725 3500 est
744 3460 813 3498 ausa
832 3487 839 3500 .
855 3486 883 3500 ..
906 3443 916 3517 ll
940 3442 976 3500 28
996 3443 1128 3499 amittere

99 3515 160 3566 edat
180 3517 285 3585 antem
310 3516 425 3572 mittere
443 3518 482 3585 A,
504 3515 551 3572 sed
573 3522 638 3572 aare
655 3535 684 3570 m
705 3533 760 3571 ao.
779 3532 839 3572 unc
861 3517 953 3572 littera
975 3531 1057 3572 cusu
1079 3521 1129 3584 eet,

77 3597 160 3645 quae
176 3599 197 3636 a
212 3586 309 3651 furare
319 3595 416 3659 potest
