2400 3840
351 174 401 231 DE
419 175 484 230 IRA
501 174 617 232 LIB.H.
650 173 727 231 OAP.
742 179 785 232 31.
800 179 834 230 32
875 223 880 234 ‚
1039 177 1100 245 101

85 343 146 406 que
179 343 235 387 ora
266 320 393 405 placide
426 320 638 387 tractantibus
676 320 898 404 adulantisque
936 321 1102 389 dominum

83 411 179 477 feras:
197 409 333 495 pudebit
350 431 424 477 cnm
443 410 635 476 animalibus
653 413 853 494 permutasse
866 430 980 476 mores.
1012 410 1101 476 nefus
1122 427 1137 474 u

83 503 131 566 est
161 520 277 567 nocere
309 499 444 584 patriae:
477 519 553 586 ergo
584 499 648 565 civi
677 520 819 584 quoque,
848 521 924 564 nam
950 500 1005 566 hic
1027 521 1101 584 pars
1128 522 1135 563 ;

51 587 277 744 stlta?
299 591 495 743 ‘stt
508 591 633 742 iffi
648 591 745 742 Ἓξ
761 588 1103 743 tttfletttttt

82 767 163 833 urbe
193 766 272 832 ciuis
303 726 359 832 edi.
388 699 489 850 gquid
512 765 539 830 si
561 727 676 832 nocdre
698 765 800 831 velint
822 788 936 831 manus
958 766 1104 850 pedibus,

84 856 231 921 manibus
251 854 358 923 oculi?
393 859 431 919 ut
450 855 557 921 onmia
575 855 659 920 inter
677 876 710 920 se
729 855 872 920 membra
889 856 1102 938 consentiunt,

82 942 160 1029 quia
178 945 306 1030 singula
324 944 443 1011 servari
460 944 561 1009 tetius
580 943 723 1027 interest,
740 945 786 1008 ita
803 943 951 1009 homines
966 945 1101 1029 singulis

83 1037 229 1119 parcent,
252 1033 328 1117 quia
350 1033 390 1099 ad
413 1036 541 1099 coetum
564 1033 666 1119 geniti
688 1037 777 1117 sunt,
799 1034 889 1098 salva
908 1037 1015 1098 autem
1034 1054 1102 1098 esse

38 1146 64 1186 10
84 1123 219 1191 societas
241 1122 306 1189 nisi
327 1123 474 1189 custodia
492 1126 524 1187 et
542 1144 651 1187 amore
668 1122 810 1206 partium
827 1145 895 1186 non
912 1125 1028 1207 potest.
1062 1143 1102 1186 ne
1121 1131 1139 1184 8

82 1213 207 1296 viperas
239 1212 368 1296 quidem
399 1215 431 1277 et
457 1211 609 1296 natrices,
632 1214 663 1276 et
687 1211 714 1275 si
738 1234 802 1295 qua
824 1232 934 1276 morsu
958 1215 1023 1283 aut
1036 1210 1103 1276 ictu

82 1306 209 1386 nocent,
227 1301 452 1388 affligeremus,
470 1301 498 1367 si
516 1301 551 1366 in
568 1300 728 1384 reliquum
745 1300 982 1366 mansuefacere
995 1321 1103 1385 posse·

83 1412 154 1456 mus
178 1395 234 1456 aut
257 1391 398 1475 efficere,
419 1413 460 1455 ne
477 1389 571 1456 nobis
591 1390 702 1455 aliisue
719 1389 863 1474 periculo
882 1394 1001 1455 essent:
1025 1409 1103 1475 erge

82 1502 123 1544 ne
152 1479 278 1545 homini
308 1479 437 1564 quidem
466 1479 667 1563 necabimus,
695 1480 771 1562 quia
797 1479 956 1564 peccarit,
983 1478 1038 1544 sed
1061 1500 1102 1542 ne

37 1593 63 1633 1s
82 1572 207 1654 peccet,
235 1590 295 1633 nec
324 1590 479 1652 umquam
503 1569 543 1634 ad
565 1568 787 1653 praeteritum,
816 1568 871 1633 sed
894 1567 1102 1634 adfuturum

83 1679 188 1742 poena
216 1657 384 1740 referetur3
402 1678 480 1734 ¹non
507 1656 592 1722 enim
619 1657 781 1741 irascitur,
804 1657 859 1723 sed
882 1661 980 1723 caret.
1026 1678 1102 1721 nam

85 1745 113 1809 si
134 1745 315 1828 puniendus
344 1748 392 1810 est
417 1745 607 1829 cuicumque
629 1767 765 1830 pravum
788 1746 1033 1829 maleficumque
1056 1746 1103 1809 in·

84 1833 216 1919 genium
239 1838 302 1917 est,
324 1854 429 1918 poena
450 1833 612 1899 neminem
635 1833 781 1916 excipiet.

172 1938 305 2006 XXXII.
342 1937 399 2005 ‘At
428 1939 513 2005 enim
543 1940 592 2004 ira
617 1940 715 2005 habet
737 1940 879 2023 aliquam
902 1940 1138 2022 voluptatemr

37 2053 65 2093 sc
83 2032 116 2094 et
139 2029 230 2096 dulce
253 2032 302 2096 est
326 2029 469 2095 delorem
492 2027 642 2094 reddere?
687 2028 833 2093 minime:
864 2050 931 2094 non
958 2027 1043 2092 enim
1066 2032 1103 2093 ut

82 2119 117 2185 in
147 2118 311 2185 beneficiis
342 2119 515 2185 honestum
547 2122 596 2183 est
627 2117 742 2183 merita
771 2115 893 2183 meritis
925 2137 1104 2201 repensare,

82 2208 128 2274 ita
149 2208 283 2274 iniurias
305 2208 440 2275 iniuriis.
490 2207 558 2274 illic
580 2207 667 2272 vinci
688 2210 784 2292 turpe
807 2210 869 2290 est,
891 2205 945 2271 hic
967 2205 1102 2272 vincere.

81 2297 294 2364 inhumanum
317 2298 451 2363 verbum
475 2301 524 2363 est
547 2300 579 2362 et
602 2295 731 2382 quidem
754 2319 814 2382 pro
833 2296 918 2361 iuste
938 2299 1103 2381 receptum

83 2384 179 2471 [ultio
210 2387 255 2471 et]
285 2387 374 2452 talio.
425 2409 493 2453 non
515 2388 654 2453 multum
678 2384 784 2451 differt
807 2436 814 2451 .
836 2437 869 2451 ..
892 2385 955 2450 nisi
979 2385 1103 2450 ordine:
1134 2432 1135 2435 η

35 2497 63 2539 ss
84 2475 140 2558 qui
162 2475 307 2541 dolorem
329 2476 448 2562 regerit
469 2479 596 2541 tantum
620 2476 801 2541 excusatius
824 2479 946 2560 peccat.
986 2473 1029 2540 M.
1047 2472 1139 2538 (la-2

81 2568 192 2629 tonem
210 2564 391 2651 [ignopuns]
405 2565 440 2630 in
453 2565 579 2631 balineo
594 2565 724 2650 quidam
739 2565 896 2649 percussit
909 2563 1097 2648 inprudens:

172 2756 296 2811 storius
314 2770 332 2812 ς
349 2759 444 2828 potius
458 2758 487 2812 A
504 2757 515 2830 {t
533 2757 568 2812 12
586 2758 617 2812 in
634 2757 774 2826 reliquum
792 2769 810 2811 ς
828 2759 902 2813 Recta
920 2757 950 2811 in
963 2757 1102 2824 reliquam

83 2829 111 2883 A
128 2830 162 2883 ut
179 2828 289 2898 reliqua
308 2841 325 2882 ς
343 2835 369 2884 ct
385 2831 453 2900 colu.
484 2828 487 2901 t
511 2827 546 2884 21
569 2832 698 2898 reparare
714 2828 756 2883 21⁶
773 2830 806 2883 iu
822 2846 877 2884 rue.
893 2830 982 2898 paulu
999 2830 1103 2884 maiore

82 2900 227 2969 repensari
244 2899 299 3026 Ldt
316 2899 352 2954 22
370 2902 400 2955 st
417 2900 466 2968 qui
488 2916 532 2954 em
545 2901 608 2955 AL
627 2900 707 2969 utqui
720 2900 797 2954 idem
811 2901 936 2956 Karsten
953 2900 963 2973 Η
980 2899 1016 2954 24
1030 2899 1101 2953 ultio

84 2973 113 3024 et
130 2972 240 3026 sectant
290 2988 355 3026 ause
378 2973 407 3026 et
428 2971 529 3026 vitiose
550 2972 664 3039 quidem
682 2988 733 3043 pro
752 2971 826 3026 iusto
845 2974 1003 3041 receptum,
1022 2970 1101 3024 talio.

82 3059 158 3097 uuus
172 3042 255 3098 Gertz
268 3044 402 3112 proponit
419 3044 451 3097 ia
469 3043 567 3098 litteris
585 3043 623 3097 ud
640 3059 681 3097 me
699 3043 774 3098 datis
790 3044 818 3097 et
832 3043 947 3110 quidem
960 3057 1012 3110 pro
1026 3041 1102 3094 iusta

82 3116 228 3183 receptum
245 3113 354 3169 ultione
372 3113 476 3168 ‘tulio’.
506 3117 539 3169 P.
553 3115 669 3169 ltemue
695 3115 839 3182 receptum
857 3114 935 3167 talio.
966 3117 1019 3178 <a
1038 3127 1102 3164 con-

82 3185 236 3253 tumelia>
255 3202 311 3240 non
328 3203 366 3241 rn.
381 3186 407 3240 d.
424 3186 582 3241 Fetdmauu
608 3185 611 3256 l
639 3184 759 3239 iniuriae
781 3190 845 3254 post
868 3184 963 3238 differt
985 3184 1104 3236 inseruit

84 3255 166 3312 Gesta
196 3256 261 3312 Non
285 3256 406 3313 multum
430 3256 526 3312 differt
549 3256 605 3312 nisi
630 3256 740 3324 ordine,
764 3256 814 3324 qui
837 3255 962 3310 dolorem
984 3253 1101 3322 regerit:

82 3329 195 3383 tantum
214 3345 237 3383 e.
251 3345 279 3396 p,
299 3330 332 3384 P.
346 3329 464 3384 mamas
489 3327 500 3401 lt
526 3326 562 3383 26
583 3327 730 3397 ignorans,
754 3327 826 3395 quod
848 3329 880 3380 iu
898 3327 925 3381 A
949 3331 973 3379 et
991 3325 1102 3393 quibus-

82 3400 148 3455 dam
166 3411 184 3453 s
200 3400 245 3455 tic
263 3401 370 3470 ἱερέων,
388 3401 421 3454 iu
438 3400 466 3455 L
481 3406 507 3454 et
520 3399 586 3453 aliis
599 3411 616 3453 s
629 3405 693 3466 pest
705 3397 823 3464 balneo,
834 3404 867 3451 ut
879 3399 1133 3467 intepretatum-X

82 3472 239 3526 tumescis
263 3471 417 3540 inprudens
444 3470 601 3527 deleverunt
625 3475 691 3526 cett.
712 3469 778 3526 cdd.
798 3469 870 3524 tude
896 3467 933 3519 ut
960 3456 1098 3516 nemu?
1140 3484 1141 3488 ,

83 3540 197 3610 baljneo
210 3540 253 3596 Α1
269 3541 401 3611 (posteaj
420 3545 502 3614 erus.)
