2400 3840
103 214 168 284 150
304 216 335 272 L.
348 212 491 271 ANNAEI
510 212 674 272 SENECAE
692 212 789 275 DIAL
802 214 870 273 LIB.
884 214 919 272 V.

100 361 218 427 vulnus
249 359 373 428 numici
404 382 501 447 quom
538 361 594 446 qui
630 363 780 447 pusulam
816 360 1030 447 concupiscit3
1065 363 1121 429 hic

101 451 186 516 euim
208 471 276 516 uon
297 453 424 516 tautum
446 451 525 516 moli
547 450 647 516 animi
669 455 732 534 est,
754 451 810 517 sed
832 451 952 536 pusilli.
994 451 1062 517 sive
1081 452 1120 517 ds

100 539 224 605 ultimis
245 539 413 625 suppliciis
431 538 555 626 cogites
574 540 641 607 sive
659 539 698 606 de
715 540 904 624 levioribus,
928 542 1120 624 quantulum

102 632 150 694 est
178 629 348 714 temporis,
377 650 441 713 quo
472 633 528 694 cut
556 628 612 694 ills
638 648 743 713 poeno
769 651 827 696 sue
853 633 1043 714 torqueatur
1064 634 1121 694 aut

101 721 138 782 tu
169 719 290 784 melum
322 718 475 804 gaudium
507 740 548 784 sx
578 718 683 784 alieno
711 719 883 804 percipiasl
928 720 993 784 iam
1020 720 1120 784 istum
1152 739 1164 781 s

67 822 83 873 5
102 806 251 890 spiritum
273 827 457 891 expuemus.
493 807 636 891 intsrim,
657 807 734 873 dum
750 808 922 892 trahimus,
940 808 1018 873 dum
1036 808 1121 874 inter

100 895 246 962 homines
284 918 407 981 sumus,
443 897 586 962 colamus
621 895 869 981 humanitatem
906 916 974 962 non
1009 897 1121 962 timori

101 985 265 1069 cuiquam,
299 1006 367 1050 non
401 985 545 1071 periculo
582 986 696 1070 simus,
733 985 937 1070 detrimenta,
977 986 1122 1070 murias,

101 1075 260 1159 convicia,
288 1075 507 1140 vellicationes
537 1078 778 1141 contomnomus
808 1078 840 1140 et
866 1096 985 1162 magno
1011 1076 1120 1140 animo

100 1164 210 1229 breuis
245 1163 384 1228 feremus
419 1164 636 1230 incommode:
677 1164 754 1230 dum
788 1164 991 1249 respicimus,
1033 1164 1121 1249 quod
1139 1186 1166 1227 ιο

13 1289 15 1296 ν
101 1253 205 1337 aiunt,
227 1273 455 1337 versamusque
476 1273 550 1337 nos,
572 1253 637 1318 iem
659 1253 839 1319 mortalitas
862 1251 971 1318 ederit.

190 1409 387 1480 tsxpuemus.
406 1409 442 1465 L·
456 1409 610 1479 expuimus.
625 1410 654 1466 A
677 1409 688 1482 Η
712 1410 747 1464 11
770 1410 829 1465 iam
849 1409 1008 1466 mortalitas
1027 1409 1122 1466 oderit

101 1480 257 1537 Pincianus
274 1480 464 1536 inmortalitas
480 1480 596 1536 udeltIT
614 1481 684 1536 AL.
713 1481 860 1553 Reliquam
873 1499 915 1552 pa
939 1482 997 1537 'uuo
1013 1487 1121 1551 ponem

101 1552 132 1607 in
146 1553 174 1607 A
191 1553 354 1622 compoto
371 1553 459 1608 minio
473 1553 553 1622 picto
570 1553 673 1622 explet,
695 1554 727 1608 in
745 1557 780 1609 13
796 1568 891 1609 occurs
934 1554 1013 1608 ’visas
1039 1552 1070 1608 L.
1085 1553 1119 1608 A.

102 1623 189 1679 Sensc
228 1622 273 1677 Ao
291 1623 435 1678 Nouatum
459 1623 509 1678 DE
527 1623 592 1678 IRA
609 1622 719 1678 LIBER
737 1623 892 1680 TERTIVS
911 1622 1078 1679 EXPLICIT
1102 1629 1122 1693 †

100 1638 234 1751 lucipiw
253 1695 303 1750 AD
322 1694 494 1750 MAROIAM
512 1695 561 1750 DE
581 1694 654 1751 OON
672 1694 715 1751 SO
734 1696 783 1750 LA
801 1694 861 1751 TIO
879 1694 931 1750 NE
950 1736 1002 1750 ...
