2400 3840
106 216 157 271 AD
172 213 348 275 SERENVM
361 215 410 269 DE
425 213 747 281 TRANQVILLITATE
761 215 870 270 ANIMI
883 213 960 271 cAP.
973 222 990 270 4
1030 219 1097 285 253

79 360 205 446 turpius
219 364 276 426 est.
304 381 398 446 saepe
414 350 544 446 grandis
557 362 637 425 natu
651 382 748 426 senex
760 361 887 426 nullum
901 360 989 426 aliud
1001 362 1099 427 habet

79 454 316 537 argumentum,
332 472 396 534 quo
412 472 445 516 se
458 450 573 533 probet
587 450 643 514 diu
656 449 788 532 vixisse,
801 454 927 534 praeter
941 450 1098 516 aetatem?

168 538 224 607 IV.
261 539 356 624 Mihi,
387 538 549 604 carissime
577 536 707 622 Serene,
735 539 832 604 nimis
860 540 987 604 videtur
1013 555 1132 606 sum-1

80 628 203 695 misisse
221 629 421 713 temporibus
436 649 470 692 se
483 625 725 709 Athenodorus,
743 628 840 692 nimis
854 629 919 694 cito
932 629 1098 715 refugisse.

48 738 138 783 onec
171 740 231 803 ego
263 717 447 803 negaverim
480 716 652 799 aliquando
681 716 870 800 cedendum,
902 719 958 783 sed
981 719 1099 784 sensim

79 808 181 872 relato
209 807 311 892 gradu
339 810 371 870 et
398 807 494 872 salvis
518 805 633 891 signis,
662 806 750 871 salva
772 806 906 870 militari
929 805 1099 893 dignitate:

80 896 255 961 sanctiores
277 896 475 978 tutioresque
499 898 575 959 sunt
596 893 744 959 hostibus
768 894 847 979 suis,
871 895 927 978 qui
949 895 1099 961 infidam

81 1007 155 1050 cum
186 985 283 1049 armis
311 985 453 1049 veniunt.
497 984 561 1049 hoc
588 986 668 1066 puto
692 984 806 1048 virtuti
827 983 1011 1049 faciendum
1034 988 1100 1050 stu·

81 1074 236 1156 diosoque
267 1073 410 1139 virtutis:
443 1074 471 1138 si
497 1073 694 1156 praevalebit
721 1073 852 1138 fortuna
879 1076 911 1138 et
938 1073 1134 1156 praecideta

36 1183 62 1222 ιο
81 1163 197 1248 egendi
215 1162 414 1247 facultatem,
432 1184 500 1227 non
519 1162 628 1226 statim
643 1184 772 1228 aversus
786 1163 982 1246 inermisque
996 1161 1101 1248 fugiat

80 1253 218 1318 latebras
242 1274 410 1336 quaerens,
434 1250 527 1335 quasi
549 1251 635 1317 ullus
658 1252 749 1317 locus
773 1251 827 1336 sit,
859 1250 922 1336 [in]
947 1272 1011 1335 quo
1033 1273 1101 1316 non

80 1342 184 1424 possit
211 1341 341 1407 fortuna
363 1341 526 1425 persequi,
557 1341 613 1406 sed
635 1342 763 1424 parcius
787 1363 820 1406 se
842 1340 960 1406 inferat
983 1340 1100 1406 officiis

81 1433 112 1494 et
140 1451 214 1496 cum
237 1430 356 1496 dilectu
386 1430 530 1494 inveniat
553 1429 689 1514 aliquid,
716 1431 751 1495 in
774 1451 838 1514 quo
862 1430 952 1495 utilis
976 1429 1101 1496 civitati

81 1520 131 1583 sit.
177 1520 315 1584 militare
342 1540 410 1583 non
436 1519 526 1583 licet:
552 1519 691 1585 honores
714 1522 817 1603 petat3
843 1521 970 1604 privato
993 1519 1135 1584 niven-8

36 1625 62 1667 ιε
81 1608 158 1672 dum
181 1611 243 1673 est:
267 1608 310 1673 sit
333 1610 455 1691 orator3
477 1608 642 1672 silentium
664 1608 822 1674 indictum
845 1612 907 1674 est:
929 1608 1028 1674 tacita
1048 1609 1101 1672 ad·

80 1696 249 1760 vocatione
268 1696 353 1761 cives
372 1696 473 1778 iuvet3
491 1696 708 1779 periculosum
722 1697 820 1762 etiam
833 1696 981 1783 ingressu
993 1697 1101 1762 forum

82 1787 143 1849 est:
175 1784 210 1847 in
242 1784 404 1867 domibus,
435 1784 470 1847 in
501 1785 705 1868 spectaculis,
738 1785 773 1849 in
800 1785 955 1850 conviviis
979 1786 1101 1851 bonum

82 1873 352 1956 contubernalem,
371 1873 499 1937 fidelem
519 1873 667 1956 amicum,
685 1876 917 1957 temperantem
933 1875 1102 1938 convivam

82 1966 171 2047 agat3
190 1961 298 2026 officia
316 1961 395 2027 civis
414 1962 535 2028 amisit:
552 1962 692 2028 hominis
712 1965 863 2028 exerceat.
896 1962 968 2028 ideo
983 1983 1100 2047 magno
1119 1977 1137 2025 s

35 2079 63 2121 ro
81 2051 189 2116 animo
212 2072 273 2116 nos
295 2073 362 2116 non
384 2052 480 2115 unius
503 2051 591 2117 urbis
614 2052 784 2116 moenibus
803 2051 970 2135 clusimus,
994 2051 1103 2116 sedin

81 2141 181 2205 totius
214 2140 301 2205 orbis
334 2141 563 2207 commercium
596 2141 761 2206 emisimus
784 2141 985 2225 patriamque
1006 2139 1102 2206 nobis

81 2230 237 2295 mundum
268 2231 407 2314 professi
439 2252 563 2313 sumus,
600 2233 638 2294 ut
668 2230 780 2295 liceret
810 2229 958 2295 latiorem
989 2229 1103 2294 virtuti

82 2340 231 2404 campum
260 2320 343 2384 dare.
389 2321 592 2404 praeclusum
615 2318 677 2383 tibi
699 2319 841 2384 tribunal
864 2322 912 2384 est
934 2322 967 2383 et
988 2319 1101 2386 rostris

82 2407 262 2491 prohiberis
280 2412 337 2473 aut
356 2409 509 2475 comitiis:
527 2408 650 2493 respice
668 2411 793 2492 postte
813 2411 968 2491 quantum
985 2408 1103 2474 latissi-

35 2524 61 2566 as
81 2518 206 2560 marum
238 2499 408 2583 regionum
440 2501 561 2582 pateat,
595 2501 750 2581 quantum
773 2497 983 2582 populorum3
1011 2519 1102 2562 num·

83 2605 180 2667 quam
207 2585 253 2649 ite
279 2587 341 2651 tibi
367 2608 485 2672 magna
512 2608 587 2670 pars
615 2587 813 2670 obstruetur,
844 2589 881 2650 ut
907 2608 974 2652 non
1000 2586 1103 2652 maior

82 2674 291 2758 relinquatur.
342 2675 398 2740 sed
429 2675 515 2759 vide,
546 2697 588 2740 ne
620 2679 726 2741 totum
753 2674 841 2740 istud
867 2678 960 2740 tuum
986 2676 1137 2741 vitiumo

83 2762 139 2848 sit3
165 2785 233 2828 non
259 2764 308 2828 vis
336 2765 422 2828 enim
449 2764 514 2829 nisi
544 2765 658 2830 consul
680 2767 737 2829 aut
758 2764 904 2848 prytanis
927 2767 984 2829 aut
1006 2786 1103 2850 ceryx

171 2938 189 2992 5
207 2955 259 2993 nec
274 2954 326 3008 ego
344 2940 412 3022 colp.
432 2955 468 2993 ne
483 2955 535 3008 ego
549 2940 578 2994 A
590 2938 601 3012 ΙΙ
620 2939 635 2994 7
649 2939 824 3008 tutioresque
842 2955 899 2994 noa
911 2946 981 2994 recte
993 2939 1103 2994 seclusit

88 3011 130 3064 W.
148 3009 253 3064 Gemoll
269 3009 280 3082 Η
298 3009 316 3065 8
333 3011 457 3065 veniunt.
485 3009 539 3065 hoc
554 3052 560 3064 .
577 3053 583 3065 .
600 3052 605 3065 .
620 3011 745 3065 virtutis:
765 3010 789 3064 si
807 3012 905 3079 interp.
920 3012 951 3064 ia
965 3010 1023 3064 edd.
1039 3015 1103 3064 aaa

83 3082 238 3149 Hecatam,
256 3088 289 3136 at
310 3081 364 3136 hoo
388 3083 427 3137 ad
444 3084 584 3151 sequentia
601 3089 735 3151 spectaret
758 3082 882 3136 veniunt.
910 3081 964 3135 hoc
984 3080 1103 3136 ...vir-

82 3152 161 3207 tutis.
195 3152 225 3206 Si
248 3154 345 3208 Haase
368 3151 379 3225 ll
407 3152 577 3223 bpualeuit
597 3155 626 3209 A
650 3170 719 3209 corr.
739 3154 809 3224 volo.
834 3151 845 3225 Η
874 3152 908 3206 11
932 3152 962 3205 in
986 3168 1038 3206 om.
1060 3150 1104 3224 sl}

84 3223 120 3278 13
139 3224 266 3278 ciuitatis
280 3225 308 3279 A
325 3223 335 3297 Η
353 3224 390 3279 14
402 3224 522 3279 honores
535 3226 617 3293 petat
634 3237 740 3280 acces
757 3242 791 3279 ee
804 3240 872 3278 corr.
891 3223 1104 3291 honore⁶spec

83 3295 139 3377 tat·
153 3298 281 3365 (capras
304 3299 370 3366 ros.)
391 3297 442 3363 A,
454 3297 510 3351 oid.
530 3297 617 3364 faisse
641 3293 974 3419 honore⁶spectatpkll
994 3296 1104 3363 speeta-

84 3365 155 3418 culis
175 3370 204 3420 A
228 3367 301 3436 qood
323 3368 388 3422 bene
410 3368 533 3434 descedit
555 3369 648 3422 Hense
670 3384 738 3423 maa.
758 3367 812 3421 Bb.
832 3366 890 3420 XL
959 3383 990 3435 p.
1005 3370 1102 3436 174sq.

84 3437 144 3490 coll.
162 3437 196 3491 de
217 3440 418 3505 clem.126,2
450 3438 454 3510 Ι
478 3438 514 3493 la
538 3439 669 3492 amisits
692 3436 819 3492 amiserit
836 3437 864 3490 A
888 3434 898 3508 ΙΙ
923 3435 959 3490 24
980 3437 1106 3492 comittiu

84 3523 153 3563 corr.
167 3509 199 3561 ia
213 3507 335 3562 comitiis
348 3509 440 3581 Δῑ-ἰ
466 3508 502 3564 28
521 3525 605 3579 ceryx
619 3511 647 3564 A
664 3510 738 3579 qood
756 3507 884 3575 descedit
895 3506 986 3560 (terta
1000 3503 1134 3555 messer*

84 3578 155 3632 coci.
173 3577 355 3647 Gothosredus
371 3596 416 3649 ap.
497 3586 588 3638 cmm
