2400 3840
89 250 156 316 354
279 245 309 300 L.
324 245 467 300 ANNAEI
485 244 650 300 SENECAE
669 243 921 300 DIAL.L1B.XII.

89 392 235 459 omnium
262 391 391 456 adiutus
418 391 549 478 ingenio
572 392 628 455 vix
650 394 759 456 tamen
781 390 917 474 invenit,
946 391 1119 473 quomodo

54 482 187 548 utrium
214 482 454 565 provinciarum
481 482 639 546 tributum
666 502 732 544 una
759 501 838 544 cena
864 480 962 544 fieret.
1010 501 1030 544 o
1056 483 1121 546 mi·

89 570 254 654 serabiles,
278 592 416 654 quorum
438 563 583 655 palatum
606 569 669 634 nisi
692 569 733 633 ad
754 569 913 654 pretiosos
936 568 1027 635 cibos
1046 591 1122 636 non

89 660 260 724 excitaturi
305 660 465 744 pretiosos
502 662 609 724 autem
645 679 713 722 non
749 657 885 723 eximius
922 678 1019 741 sapor
1059 664 1121 724 aut

90 750 199 832 aliqua
227 748 370 815 faucium
399 748 535 814 dulcedo
566 747 622 813 sed
651 748 766 812 raritas
794 751 827 812 et
855 747 1030 812 difficultas
1060 770 1121 833 pa·
1152 771 1162 812 s

89 838 181 903 randi
203 838 290 903 facit.
336 838 471 921 alioqui,
495 839 523 902 si
546 838 586 901 ad
610 858 720 901 sanam
741 837 807 900 illis
826 839 967 901 mentem
985 837 1121 920 placeat

89 928 222 1010 reverti,
252 927 329 1011 quid
353 948 435 1011 opus
458 930 508 991 est
529 929 580 990 tot
603 926 725 990 artibus
748 925 854 990 ventri
877 925 1122 992 servientibus?

91 1016 169 1100 quid
209 1015 419 1082 mercaturis?
472 1015 550 1099 quid
591 1016 770 1081 vastatione
812 1013 989 1079 silvarum?
1035 1017 1121 1098 quid

89 1105 243 1190 profimdi
261 1103 537 1191 perscrutatione?
581 1104 701 1188 passim
721 1104 827 1168 iacent
845 1104 1011 1187 alimenta,
1032 1125 1121 1188 quac

89 1217 197 1260 rerum
223 1199 340 1259 natura
367 1194 516 1259 omnibus
538 1193 619 1258 locis
643 1192 816 1277 disposuit,
845 1192 900 1258 sed
922 1193 1002 1258 haee
1025 1195 1121 1259 velut
1139 1217 1164 1265 ro

90 1285 177 1350 caeci
203 1286 371 1350 transcunt
393 1286 427 1347 et
450 1302 561 1346 omnes
583 1282 732 1366 regiones
754 1286 985 1368 pervagantur,
1013 1284 1121 1349 maria

89 1373 243 1438 traiciunt
265 1375 311 1455 et,
334 1393 407 1436 eum
430 1370 549 1435 famem
567 1371 684 1456 exiguo
703 1372 830 1455 possint
849 1371 971 1455 sedare,
994 1393 1120 1458 magno

55 1463 234 1526 sinritant.
278 1460 360 1524 libet
396 1459 513 1525 dicare:
551 1459 645 1543 ‘quid
682 1460 838 1526 deducitis
870 1459 990 1525 naves?
1036 1462 1121 1543 quid

90 1572 204 1614 manus
228 1553 261 1614 et
284 1548 435 1614 advorsus
459 1549 543 1614 feras
567 1552 599 1614 et
621 1549 774 1618 adversus
792 1549 940 1614 homines
959 1550 1121 1616 armatis?

90 1639 169 1723 quid
191 1642 282 1703 tanto
306 1639 450 1703 tumultu
474 1638 675 1704 discurritis?
721 1638 799 1722 quid
823 1660 901 1722 opes
925 1639 1042 1722 opibus
1062 1640 1120 1705 ad·
1138 1662 1162 1702 rs

90 1728 224 1814 geritis?
268 1750 336 1792 non
363 1728 461 1793 voltis
490 1729 647 1813 cogitare,
678 1749 776 1810 quam
803 1749 903 1811 parva
929 1728 1022 1792 vobis
1047 1749 1120 1794 eor-

90 1840 170 1903 pora
193 1817 279 1884 sint?
323 1839 431 1882 nonne
454 1818 544 1882 furor
567 1821 599 1882 ct
620 1816 754 1881 ultimus
773 1818 930 1881 mentium
949 1838 1038 1882 error
1056 1823 1120 1903 est,

90 1929 165 1972 cum
192 1910 259 1971 tam
283 1908 437 1992 exiguum
460 1906 583 1990 capias,
610 1927 726 1990 cupere
750 1905 912 1970 multum?
955 1906 1033 1971 licet
1056 1907 1120 1972 ita-

91 2019 152 2081 que
194 1997 338 2082 augeatis
379 2017 507 2080 census,
547 1994 764 2079 promoveatis
801 1995 895 2060 fines:
935 2017 1118 2079 numquam

90 2091 199 2150 tamen
235 2106 371 2169 corpora
406 2088 513 2149 vestra
548 2085 708 2149 laxabitis.
754 2105 829 2148 cum
864 2084 945 2148 benc
981 2086 1119 2151 cesserit
1136 2108 1163 2148 ro

90 2175 283 2258 negotiatio,
319 2174 458 2238 multum
495 2172 613 2237 militia
648 2173 821 2255 rettulerit,
859 2194 932 2238 cum
969 2173 1118 2260 indagati

90 2263 232 2345 undique
251 2263 315 2328 cibi
333 2263 476 2345 coierint,
495 2284 562 2327 non
579 2262 749 2345 habebitis,
766 2262 822 2326 ubi
840 2261 920 2327 istos
939 2267 1117 2348 apparatus

57 2355 214 2416 svestroa
233 2353 417 2417 conlocetis.
451 2351 528 2433 quid
546 2354 613 2415 tam
627 2351 731 2415 multa
744 2351 958 2434 conquiritis?
990 2353 1118 2418 sufficet

91 2439 228 2505 maiores
256 2441 373 2519 nostri,
402 2462 540 2524 quorum
567 2440 670 2505 virtus
694 2439 878 2506 etiamnunc
900 2441 980 2505 vitia
1002 2445 1118 2508 nostra

92 2532 264 2613 sustentat,
291 2529 436 2594 infelices
459 2533 561 2611 erant,
591 2528 647 2612 qui
670 2528 732 2593 sibi
755 2550 854 2594 manu
877 2551 934 2594 sua
957 2531 1118 2614 parabant
1136 2552 1162 2593 rs

91 2619 213 2701 cibum,
237 2617 353 2701 quibus
375 2622 461 2683 terra
480 2617 585 2682 cubile
604 2621 684 2701 crat,
709 2639 846 2701 quorum
864 2622 950 2684 tecta
968 2619 1116 2686 nondum

92 2729 170 2773 auro
193 2707 376 2792 fulgebant,
403 2729 541 2790 quorum
564 2707 685 2790 templa
706 2707 852 2773 nondum
875 2708 1011 2793 gemmis
1033 2708 1117 2775 nite·

91 2799 184 2863 bant:
206 2796 316 2880 itaque
338 2799 417 2860 tunc
440 2818 497 2881 per
520 2796 636 2862 fictiles
660 2796 736 2862 deos
759 2796 910 2883 religiose
933 2796 1116 2882 iurabatur3

93 2887 149 2971 qui
167 2887 241 2951 illos
260 2886 501 2970 invocaverant,
519 2886 560 2950 ad
578 2885 706 2951 hostem
720 2885 882 2970 morituri,
900 2908 942 2950 ne
955 2886 1117 2972 fallerent,

57 2990 73 3038 8
92 2975 247 3041 redibant.
293 2974 415 3041 seilicet
438 2975 545 3040 minus
567 2975 659 3039 beate
682 2974 811 3039 vivebat
834 2975 972 3040 dictator
994 2980 1117 3061 noster,
1135 2998 1161 3037 so

94 3066 150 3149 qui
173 3063 367 3130 Samnitium
395 3065 519 3149 legatos
549 3064 652 3147 audit,
680 3085 754 3129 eum
781 3064 976 3129 vilissimum
1004 3065 1115 3132 cibum

92 3155 127 3220 in
153 3155 227 3220 foco
255 3153 324 3238 ipse
351 3175 449 3218 manu
477 3175 534 3218 sua
561 3157 716 3237 versaret,
742 3153 812 3237 illa,
840 3176 904 3238 qua
929 3155 995 3218 iam
1018 3177 1116 3240 saepo

182 3399 200 3453 ὅ
224 3399 350 3454 faucium
374 3399 443 3469 ootq.
469 3398 547 3452 fauci
561 3399 589 3453 A
613 3398 623 3471 Η
647 3398 745 3452 uillis
767 3399 835 3468 oolq.
859 3399 903 3453 illi
917 3400 945 3454 A
967 3397 978 3472 Η
1002 3399 1020 3454 8
1044 3401 1115 3469 quid
1143 3437 1147 3441 ·

93 3471 258 3525 mercaturis
276 3472 345 3556 qotq.
365 3471 445 3538 quod,
458 3471 638 3524 mercaturis
652 3469 761 3595 ΑΨ)
773 3469 962 3556 laxabitisuA⁶
997 3472 1117 3556 cessarit

81 3544 149 3612 aalys
179 3545 306 3614 gesserit
326 3542 355 3599 A
382 3541 392 3618 t}
419 3541 455 3598 21
481 3541 629 3611 multaque
654 3559 697 3594 mi
718 3556 736 3594 a
761 3543 826 3597 rott.
851 3558 921 3598 cons.
979 3543 1085 3600 auseae
1105 3545 1117 3617 Η

66 3611 111 3667 28
123 3613 232 3686 itaque
246 3618 276 3674 A
296 3617 383 3690 atqui
403 3617 511 3675 mavolt
532 3616 615 3673 Gertz
