2400 3840
104 212 167 277 148
304 208 335 262 L.
349 204 492 262 ANNAEI
510 205 675 262 SENECAE
692 205 789 264 DIAL.
802 206 869 261 ΗΒ.
884 207 918 262 V.

67 375 82 423 1
190 352 273 419 XLI.
316 352 432 419 Pacem
466 352 577 417 demus
615 352 735 435 animo,
773 374 870 436 quam
906 352 995 418 dabit
1030 375 1121 438 prae·

102 448 269 528 ceptorum
291 442 479 508 salutarium
501 441 634 506 adsidua
656 441 823 507 meditatio
841 445 995 526 actusque
1011 464 1120 508 rerum

101 533 179 598 boni
210 535 243 596 et
273 532 397 597 intenta
427 553 517 596 mens
548 531 589 595 ad
620 531 715 595 unius
744 531 872 596 honesti
901 531 1119 616 cupiditatem.

101 621 314 688 conscientiae
346 621 423 687 satis
454 620 525 704 fiat,
555 620 604 684 nil
632 621 667 684 in
695 619 814 685 famam
842 621 1039 686 laboremus:
1073 643 1120 686 11

65 714 218 796 aquetur
240 710 292 775 vel
314 710 413 793 mala,
436 709 512 774 dum
533 710 615 775 bene
637 710 796 776 merentis.
843 709 892 773 ‘at
913 710 1030 796 volgus
1053 711 1120 774 ani·
1151 730 1164 772 1

100 822 190 865 mosa
219 801 354 864 miratur
383 802 416 864 et
442 798 576 864 audaces
599 799 778 863 inhonore
801 803 889 882 sunt,
916 799 1036 884 placidi
1058 822 1118 883 pro

100 889 255 954 inertibus
277 886 457 953 habentur?
493 889 599 972 primo
622 887 758 952 forsitan
780 891 925 971 aspectu3
949 887 1004 952 sed
1022 889 1120 953 simul

100 978 276 1062 aequalitas
298 979 384 1042 vitae
406 976 503 1042 fidem
525 977 604 1042 fecit
624 998 691 1041 non
714 976 883 1062 segnitiem
905 977 996 1042 illam
1019 978 1120 1044 animi

100 1090 168 1132 esse
191 1066 246 1132 scd
268 1088 393 1151 pacem,
416 1071 586 1131 veneratur
607 1065 682 1131 illos
705 1066 845 1150 populus
864 1065 949 1132 idem
967 1066 1117 1150 colitque.

64 1157 181 1222 anihil
211 1177 287 1241 ergo
314 1156 412 1220 habet
437 1155 473 1219 in
495 1177 529 1220 se
551 1155 631 1220 utile
652 1158 755 1220 taeter
775 1154 836 1220 iste
860 1158 892 1220 et
913 1156 1042 1221 hostilis
1065 1156 1119 1221 ad·
1138 1176 1164 1217 11

98 1246 215 1328 fectus,
244 1248 278 1309 at
308 1245 416 1309 omnia
445 1267 485 1308 ex
514 1244 675 1309 contrario
697 1243 797 1329 mala,
819 1243 940 1311 ferrum
962 1248 995 1310 11
1017 1245 1117 1330 ignes.

98 1335 221 1419 pudore
257 1334 379 1398 calcato
417 1332 566 1398 caedibus
600 1333 783 1416 inquinavit
812 1355 939 1418 manus,
975 1334 1119 1398 membra

97 1423 272 1488 liberorum
305 1422 468 1506 dispersit,
498 1423 583 1487 nihil
613 1443 751 1487 vacuum
780 1423 913 1506 reliquit
942 1444 962 1486 a
991 1424 1118 1507 scelere,

98 1535 165 1577 non
186 1512 308 1598 gloriae
330 1532 466 1594 memor,
488 1533 557 1575 non
577 1511 728 1576 infamiae
751 1515 911 1596 metuens,
936 1513 1118 1577 inemenda-

97 1602 186 1685 bilis,
209 1623 283 1666 cum
305 1623 345 1666 ex
367 1601 416 1665 ira
437 1601 473 1664 in
495 1601 605 1665 odium
629 1600 791 1666 obcalluit.
1137 1619 1163 1661 11

64 1708 78 1757 1
187 1687 285 1755 XLH.
323 1687 493 1755 Careamus
519 1690 583 1754 hoc
609 1690 694 1754 malo
717 1711 955 1775 purgemusque
978 1691 1118 1755 mentem

98 1782 131 1843 et
148 1779 343 1863 extirpemus
362 1779 530 1859 radicitus,
554 1800 634 1862 quae
654 1779 800 1862 quamvis
819 1780 928 1844 tenuia
946 1779 1118 1844 undecum-

98 1891 160 1953 que
191 1869 352 1934 haeserint
382 1871 601 1952 renascentur,
633 1872 666 1932 et
692 1868 773 1933 iram
799 1890 867 1932 non
892 1871 1118 1953 temperemus,

98 1959 153 2024 sed
189 1979 229 2022 ex
259 1961 329 2022 toto
361 1979 581 2023 removeamus
617 1994 662 2004 -
699 1956 786 2041 quod
818 1958 904 2022 enim
934 1957 1038 2022 malae
1070 1958 1117 2022 rei

96 2050 385 2131 temperamentum
407 2047 477 2113 est?
499 2084 551 2112 -.
591 2046 767 2130 poterimus
791 2049 913 2130 autem,
934 2047 1117 2111 adnitamur
1135 2065 1162 2105 2⁰

61 2136 202 2201 amodo.
251 2158 312 2202 nec
342 2137 410 2200 ulla
439 2158 491 2200 res
522 2136 625 2220 magis
657 2134 801 2219 proderit
833 2157 929 2219 quam
961 2136 1116 2221 cogitatio

97 2225 310 2289 mortalitatis.
366 2224 428 2288 sibi
459 2224 596 2307 quisque
628 2226 724 2307 atque
755 2225 848 2289 altari
880 2225 979 2290 dicat:
1021 2223 1117 2309 ‘quid

96 2313 187 2376 iuvat
214 2315 380 2395 tamquam
408 2313 444 2376 in
472 2316 636 2377 aeternum
666 2313 792 2398 genitos
821 2314 885 2379 iras
914 2312 1055 2380 indicere
1084 2318 1118 2378 at

96 2401 317 2466 brevissimam
340 2403 477 2466 aetatem
500 2401 686 2484 dissupare?
725 2402 803 2485 quid
820 2403 911 2467 iuvat
929 2403 1009 2486 dies,
1034 2424 1116 2486 quos

96 2491 131 2554 in
162 2490 362 2574 voluptatem
390 2490 562 2555 honestam·
587 2490 759 2574 inpendere
787 2491 877 2577 licet,
906 2493 942 2556 in
971 2492 1161 2557 doloremne

96 2579 231 2644 alicuius
263 2582 523 2662 tormentumque
554 2579 747 2646 transferre?
802 2602 870 2647 non
901 2581 1034 2665 capiunt
1064 2603 1115 2646 res

61 2685 78 2734 e
95 2669 176 2734 istae
198 2668 355 2733 iacturam
375 2689 436 2733 nec
458 2670 585 2752 tempus
607 2672 701 2734 vacat
718 2669 857 2754 perdere.
896 2670 974 2754 quid
991 2670 1115 2735 1111111111

96 2758 132 2822 in
158 2756 322 2842 pugnam?
367 2758 445 2841 quid
468 2757 642 2822 certamina
663 2759 757 2824 nobis
780 2759 991 2825 arcessimus?
1037 2758 1116 2842 quid

95 2846 315 2912 inbecillitatis
339 2847 432 2911 obliti
454 2847 598 2932 ingentia
619 2846 692 2913 odia
710 2848 903 2932 suscipimus
921 2851 954 2913 et
971 2849 1012 2912 ad
1029 2846 1116 2913 fran-

96 2935 237 3023 gendum
265 2935 396 3021 fragiles
427 2934 672 3021 consurgimus?
719 2937 785 3003 iam
813 2937 891 3002 istas
918 2937 1114 3021 inimicitias,
1133 2954 1161 2994 ³⁰

97 3048 176 3110 quas
208 3025 394 3109 inplacabili
428 3025 569 3111 gerimus
606 3026 728 3110 animo,
762 3026 861 3091 febris
894 3030 949 3091 aut
981 3026 1115 3110 aliquod

96 3114 183 3182 aliud
206 3115 327 3179 malum
350 3114 494 3199 corporis
514 3115 637 3180 vetabit
659 3115 741 3201 geri3
763 3116 905 3200 iamper
923 3116 1114 3181 acerrimum

185 3289 202 3346 1
220 3290 435 3359 praeceptorum
448 3291 475 3345 L
488 3291 601 3360 1111119,
615 3291 827 3360 praeceptorem
841 3291 869 3347 A
886 3290 897 3363 11
914 3290 933 3346 4
946 3291 988 3345 nil
1003 3294 1017 3348 i
1035 3289 1114 3345 fama

95 3361 124 3417 A
149 3364 175 3432 (i
192 3363 224 3416 iu
240 3379 295 3417 rus.
314 3361 378 3428 fort.
394 3378 428 3416 m.
442 3363 470 3426 1)
501 3360 504 3434 t
534 3364 669 3430 sequatur
690 3362 718 3417 L
740 3369 766 3417 et
787 3363 856 3432 colp.
880 3363 1035 3430 sequantur
1052 3362 1082 3417 A
1103 3361 1114 3434 11

95 3432 131 3487 10
143 3432 255 3488 hostilis
264 3433 292 3487 A
304 3431 439 3501 pestilens
448 3433 528 3488 Koch
540 3431 684 3488 horribilis
696 3433 785 3501 Gala,
798 3435 846 3489 sed
859 3434 893 3501 ef.
904 3435 1085 3501 elem.113,4
1103 3442 1115 3497 ΙΙ

88 3503 126 3554 11
136 3509 209 3571 post
218 3503 325 3558 fenum
340 3505 369 3559 et
381 3503 462 3574 ignes
478 3505 609 3559 1111111111
618 3511 703 3575 putot
716 3504 798 3562 certe
811 3505 946 3562 tractavit
961 3504 1114 3565 1111111111

73 3571 200 3640 aupead
214 3577 328 3633 verbum
343 3574 359 3652 ΙΙ
374 3575 412 3634 24
431 3576 582 3649 dissupare
594 3577 624 3634 A
