2400 3840
207 204 258 259 AD
277 203 446 259 MAROIAM
464 204 514 258 DE
533 202 810 261 CONSOLATIONE
830 204 906 260 cAP.
923 211 956 260 10
1025 210 1089 275 163

74 351 248 436 spioiamus
276 353 442 433 tamquam
471 349 556 414 inter
583 353 695 415 nostra
724 350 835 434 positi:
865 355 977 417 mutua
1003 374 1090 418 acoe-

73 441 188 525 pimus.
234 460 311 505 usus
338 439 526 523 fructusque
548 443 658 504 noster
680 443 741 522 est,
769 440 860 506 ouius
883 447 1012 526 tempus
1035 442 1090 507 ille

72 530 192 594 arbiter
214 529 355 595 muneris
379 528 430 594 sui
451 531 623 612 temperat,
644 549 705 593 nos
729 532 857 611 oportet
879 530 913 595 in
936 535 1090 615 promptu

72 619 192 684 habere
217 638 298 700 quae
325 617 413 700 <in>
441 617 599 682 incertum
623 617 707 682 diem
731 618 805 683 data
828 622 904 683 aunt
926 623 959 684 et
981 621 1090 704 appel-

43 708 156 773 slatos
180 705 248 772 eine
272 707 414 791 querella
435 706 579 771 reddere:
601 707 735 790 pessimi
752 706 906 772 debitoris
925 711 973 773 est
992 709 1090 775 oredi-

72 796 138 862 tori
167 796 271 860 faeere
300 794 491 860 convicium.
542 817 652 861 omnes
682 816 759 881 ergo
787 800 930 880 nostros,
953 800 985 862 et
1008 817 1127 881 quoss

74 885 262 968 superstites
289 885 361 969 lege
390 884 542 950 nascendi
572 888 719 968 optamus
744 888 776 949 et
799 906 880 968 quos
903 886 1091 970 praeoedere

73 974 285 1039 iustissimum
314 973 459 1056 ipsorum
488 977 601 1038 votum
630 977 691 1057 est,
721 973 768 1039 sio
797 996 903 1039 amare
930 975 1092 1060 debemus,

73 1067 237 1147 tamquam
266 1063 350 1127 nihil
378 1063 471 1129 nobis
502 1062 541 1127 de
568 1063 796 1148 perpetuitate,
823 1063 923 1128 immo
945 1064 1029 1128 nihil
1052 1064 1090 1129 de

29 1171 55 1212 m
73 1152 283 1218 diuturnitate
306 1173 417 1217 eorum
439 1152 635 1237 promissum
659 1153 709 1218 sit.
755 1174 849 1237 saepe
871 1153 1091 1218 admonendus

73 1245 122 1306 est
151 1242 290 1325 animus,
319 1244 405 1307 amet
439 1245 476 1307 ut
507 1263 683 1326 recessura,
714 1242 812 1307 immo
845 1245 1011 1325 tamquam
1044 1264 1091 1306 re·

74 1331 229 1396 sedentia:
271 1331 426 1416 quioquid
458 1354 477 1396 a
507 1331 638 1397 fortuna
674 1332 785 1396 datum
822 1334 884 1415 est,
924 1333 1090 1416 tamquam

74 1424 222 1505 exempto
255 1425 385 1486 auotore
416 1419 590 1504 possideas.
639 1421 741 1503 rapite
771 1443 811 1485 ex
839 1421 949 1486 liberis
978 1421 1128 1504 volup-4

73 1513 168 1592 tates,
195 1509 347 1575 fruendos
370 1530 428 1574 vos
451 1509 486 1573 in
508 1509 611 1573 vioem
635 1509 745 1574 liberis
769 1510 842 1574 date
865 1514 898 1575 et
921 1510 989 1575 sine
1013 1510 1090 1574 dila-

29 1615 55 1657 1o
72 1599 161 1663 tione
184 1620 279 1663 omne
302 1597 455 1683 gaudium
478 1597 618 1682 haurite;
646 1597 730 1663 nihil
753 1598 792 1663 de
814 1599 969 1663 hodierna
995 1602 1091 1664 noete

72 1687 275 1770 promittitur
301 1723 343 1732 —
371 1685 467 1750 nimis
494 1707 645 1771 magnam
673 1687 916 1752 advocationem
942 1687 1015 1752 dedi
1037 1725 1091 1772 —‚

72 1775 155 1838 nihil
179 1774 217 1839 de
239 1774 301 1838 hao
323 1775 411 1839 hora.
456 1774 674 1840 festinandum
698 1778 759 1858 est,
782 1776 921 1839 instatur
943 1798 963 1838 a
984 1779 1090 1861 tergo:

74 1864 138 1926 iam
171 1861 334 1927 disicietur
365 1863 426 1928 iste
460 1863 645 1946 comitatus,
682 1863 747 1928 iam
784 1863 993 1928 contubernia
1028 1865 1092 1928 ista

74 1952 200 2018 sublato
225 1952 364 2016 elamore
387 1953 559 2017 solventur.
596 1952 710 2036 rapina
732 1974 838 2017 rerum
862 1951 1006 2016 omnium
1029 1955 1091 2016 est:

28 2060 55 2103 ao
73 2041 183 2106 miseri
204 2041 335 2106 nescitis
358 2041 393 2105 in
415 2041 494 2126 fuga
516 2041 637 2105 viveret

164 2129 198 2196 si
221 2133 386 2195 mortuum
414 2131 474 2195 tibi
500 2129 605 2194 filium
628 2130 731 2214 doles,
754 2129 822 2196 eius
845 2129 1001 2213 temporis
1024 2150 1088 2213 quo
1109 2149 1128 2197 o

72 2224 167 2286 natus
198 2224 246 2286 est
277 2221 399 2285 erimen
427 2223 489 2304 est3
518 2241 606 2285 mors
636 2220 721 2284 enim
749 2219 799 2283 illi
826 2218 1013 2284 denuntiata
1035 2241 1090 2284 na·

74 2310 174 2375 seenti
197 2313 259 2394 est,
281 2310 317 2374 in
338 2311 422 2375 hane
444 2311 549 2394 legem
572 2314 640 2374 erut
662 2312 762 2392 satus,
784 2309 848 2375 hoe
870 2308 964 2373 illum
985 2308 1089 2374 fatum

73 2399 112 2463 ab
136 2402 227 2463 utero
251 2399 361 2464 statim
384 2398 644 2483 prosequebatur,
681 2398 715 2461 in
737 2419 873 2484 regnum
891 2397 1039 2462 fortunae
1058 2401 1090 2463 et
1109 2417 1128 2464 s

28 2504 54 2546 es
74 2487 203 2570 quidem
227 2488 343 2552 durum
366 2491 462 2572 atque
485 2488 642 2553 invictum
664 2487 882 2570 pervenimus,
902 2485 989 2552 illius
1008 2487 1090 2552 arbi-

163 2642 179 2697 1
201 2643 289 2711 positi
306 2646 335 2698 A
357 2644 464 2712 positos
482 2645 514 2699 F
534 2643 545 2715 Η
567 2644 586 2699 4
608 2659 681 2713 quae
703 2644 734 2698 in
756 2643 895 2698 incertum
913 2644 944 2699 F
960 2649 986 2699 et
1003 2643 1056 2698 olli
1073 2656 1092 2698 ς

74 2729 147 2783 quae
165 2714 303 2768 incertum
316 2715 344 2770 A
362 2715 372 2787 ΗΗ
389 2714 408 2768 (t
426 2731 496 2783 quos
514 2715 678 2784 superstites
692 2728 710 2769 ς
728 2715 803 2784 quod
822 2732 847 2768 s·
861 2717 889 2770 A
906 2714 917 2787 Η
934 2714 952 2770 8
969 2715 1092 2770 iustissi-

73 2803 150 2839 mum
164 2786 289 2855 ipsorum
302 2787 401 2840 uotum
415 2799 432 2840 ς
449 2786 619 2840 iustissimus
632 2787 759 2855 ipsorum
771 2787 882 2841 uoltum
895 2787 923 2842 A
938 2786 948 2859 Η
964 2786 998 2841 11
1014 2788 1093 2842 amet

72 2859 106 2911 ut
130 2869 309 2912 recessuros
336 2859 432 2912 amatu
458 2857 507 2911 ire.
536 2873 648 2912 cessura
666 2859 694 2913 A
720 2857 730 2929 Η
761 2856 797 2913 13
820 2859 949 2927 exempto
975 2860 1093 2912 auctore

74 2929 192 2999 Madvig
219 2927 377 2997 exemplum
403 2930 518 2982 auetore
535 2929 563 2984 A
591 2928 749 2997 exemplum
773 2928 809 2983 ab
833 2931 947 2984 auctore
967 2930 999 2984 F
1018 2930 1093 2997 quod

73 3000 209 3055 Schultess
227 3002 259 3055 iu
276 3002 349 3055 hune
366 3000 476 3055 modum
494 3002 626 3069 explieat.-
644 3000 757 3055 ‘librum
771 3001 820 3069 eui
833 3003 910 3068 emit,
922 3000 1045 3069 possidet
1058 3001 1090 3053 iu

72 3077 248 3140 perpetuum
274 3073 320 3126 eut
344 3072 379 3125 ab
404 3077 515 3127 auctore
538 3072 690 3140 eeemplum
714 3071 910 3127 commulatum
938 3077 990 3138 est,
1014 3071 1091 3125 debet

73 3144 145 3212 quod
167 3149 308 3199 mutuatus
331 3148 382 3210 est,
404 3143 620 3212 quondoeuupue
637 3143 682 3197 illi
700 3142 806 3209 libebit,
825 3143 954 3199 reddere?
991 3156 1089 3209 excep·

73 3216 134 3267 tum
154 3215 263 3269 auctori
282 3214 392 3269 ἄτοπον
415 3216 575 3282 exemptum
599 3213 708 3268 auctori
726 3214 869 3269 Klommer
892 3213 903 3285 Η
927 3211 963 3268 14
983 3228 1034 3265 uos
1055 3228 1091 3267 ea·

73 3301 138 3339 suos
160 3302 229 3341 corr.
247 3285 303 3341 eid.
322 3287 354 3339 iu
371 3286 399 3339 A
422 3284 433 3357 Η
457 3285 493 3339 16
516 3284 731 3339 aduocationem
751 3285 779 3340 A
805 3289 879 3354 (nem
899 3301 920 3338 s.
935 3301 959 3338 u.
974 3283 1037 3338 adel.
1053 3301 1088 3338 m.

74 3359 158 3426 1-2)
176 3356 186 3428 Η
203 3356 239 3412 18
256 3357 315 3410 iam
333 3356 509 3414 disicieturs
528 3357 588 3410 tam
607 3356 663 3410 dis·
676 3358 705 3411 A
729 3355 732 3428 Η
749 3355 785 3410 20
798 3355 894 3419 miseri
907 3357 934 3410 A
953 3354 1090 3408 miseriei

73 3428 244 3483 Cornelissen
270 3428 275 3499 Η
302 3428 332 3481 in
350 3429 459 3496 inipso
476 3445 556 3483 versu
574 3428 638 3483 adel.
653 3425 720 3498 ΑἨ
750 3426 785 3481 21
803 3425 951 3482 moruus1
969 3442 1037 3482 corr.
1051 3443 1087 3480 m.

74 3502 149 3622 1-Ηὲ
165 3498 176 3571 Η
192 3498 228 3624 ΞΗ
247 3500 378 3622 <ιθη1>
398 3500 475 3552 satus
494 3498 629 3554 Schultess
647 3498 730 3552 datus
744 3498 773 3553 A
790 3500 878 3552 uatus
895 3504 949 3553 aut
964 3497 1067 3550 adum
1079 3508 1104 3543 ς

73 3583 111 3622 ns
143 3585 156 3622 s
175 3585 204 3623 es
235 3586 267 3625 oo
278 3585 303 3640 9.

862 3673 920 3726 m*
