<?xml version="1.0" encoding="UTF-8"?>
<!DOCTYPE html PUBLIC "-//W3C//DTD XHTML 1.0 Transitional//EN"
    "http://www.w3.org/TR/xhtml1/DTD/xhtml1-transitional.dtd">
<html xmlns="http://www.w3.org/1999/xhtml" xml:lang="en" lang="en">
 <head>
  <title>
</title>
<meta http-equiv="Content-Type" content="text/html;charset=utf-8" />
  <meta name='ocr-system' content='tesseract 3.04.00' />
  <meta name='ocr-capabilities' content='ocr_page ocr_carea ocr_par ocr_line ocrx_word'/>
</head>
<body>
  <div class='ocr_page' id='page_1' title='image "./dialogorumlibro00senegoog_0324.png"; bbox 0 0 2400 3840; ppageno 0'>
   <div class='ocr_carea' id='block_1_1' title="bbox 172 223 1110 295">
    <p class='ocr_par' dir='ltr' id='par_1_1' title="bbox 172 223 1110 295">
     <span class='ocr_line' id='line_1_1' title="bbox 172 223 1110 295; baseline 0.002 -16"><span class='ocrx_word' id='word_1_1' title='bbox 172 224 223 279; x_wconf 89' lang='lat' dir='ltr'>AD</span> <span class='ocrx_word' id='word_1_2' title='bbox 241 224 436 280; x_wconf 77' lang='lat' dir='ltr'><strong>PAVLINVM</strong></span> <span class='ocrx_word' id='word_1_3' title='bbox 453 225 503 278; x_wconf 84' lang='lat' dir='ltr'>DE</span> <span class='ocrx_word' id='word_1_4' title='bbox 521 224 732 279; x_wconf 81' lang='lat' dir='ltr'>BREVITATE</span> <span class='ocrx_word' id='word_1_5' title='bbox 746 223 858 279; x_wconf 78' lang='lat' dir='ltr'><strong><em>VITAE</em></strong></span> <span class='ocrx_word' id='word_1_6' title='bbox 877 224 1003 279; x_wconf 81' lang='lat' dir='ltr'>CAP.13</span> <span class='ocrx_word' id='word_1_7' title='bbox 1045 229 1110 295; x_wconf 78' lang='grc'>299</span> 
     </span>
    </p>
   </div>
   <div class='ocr_carea' id='block_1_2' title="bbox 45 369 1146 2594">
    <p class='ocr_par' dir='ltr' id='par_1_2' title="bbox 45 369 1146 2594">
     <span class='ocr_line' id='line_1_2' title="bbox 92 369 1113 458; baseline 0.004 -24"><span class='ocrx_word' id='word_1_8' title='bbox 92 369 311 457; x_wconf 74' lang='lat' dir='ltr'>‘depugnant‘i</span> <span class='ocrx_word' id='word_1_9' title='bbox 328 392 443 454; x_wconf 85' lang='lat' dir='ltr'>pamm</span> <span class='ocrx_word' id='word_1_10' title='bbox 458 373 515 434; x_wconf 91' lang='lat' dir='ltr'>est.</span> <span class='ocrx_word' id='word_1_11' title='bbox 538 370 765 436; x_wconf 78' lang='lat' dir='ltr'>lancinantur?</span> <span class='ocrx_word' id='word_1_12' title='bbox 783 392 898 454; x_wconf 89' lang='lat' dir='ltr'>parum</span> <span class='ocrx_word' id='word_1_13' title='bbox 912 375 974 437; x_wconf 87' lang='lat' dir='ltr'>est:</span> <span class='ocrx_word' id='word_1_14' title='bbox 987 372 1113 458; x_wconf 90' lang='lat' dir='ltr'>ingenti</span> 
     </span>
     <span class='ocr_line' id='line_1_3' title="bbox 91 459 1146 532; baseline 0.001 -7"><span class='ocrx_word' id='word_1_15' title='bbox 91 461 175 525; x_wconf 89' lang='lat' dir='ltr'>mole</span> <span class='ocrx_word' id='word_1_16' title='bbox 204 461 390 525; x_wconf 90' lang='lat' dir='ltr'>animalium</span> <span class='ocrx_word' id='word_1_17' title='bbox 419 459 633 524; x_wconf 77' lang='lat' dir='ltr'>exterunturl&#39;</span> <span class='ocrx_word' id='word_1_18' title='bbox 678 460 777 524; x_wconf 88' lang='lat' dir='ltr'>satius</span> <span class='ocrx_word' id='word_1_19' title='bbox 801 464 870 525; x_wconf 91' lang='lat' dir='ltr'>erat</span> <span class='ocrx_word' id='word_1_20' title='bbox 891 461 954 526; x_wconf 88' lang='lat' dir='ltr'>ista</span> <span class='ocrx_word' id='word_1_21' title='bbox 976 461 1011 526; x_wconf 91' lang='lat' dir='ltr'>in</span> <span class='ocrx_word' id='word_1_22' title='bbox 1034 462 1146 532; x_wconf 79' lang='lat' dir='ltr'>obli-r</span> 
     </span>
     <span class='ocr_line' id='line_1_4' title="bbox 90 548 1112 636; baseline 0.002 -22"><span class='ocrx_word' id='word_1_23' title='bbox 90 549 219 614; x_wconf 84' lang='lat' dir='ltr'>vionem</span> <span class='ocrx_word' id='word_1_24' title='bbox 242 549 301 633; x_wconf 91' lang='lat' dir='ltr'>ire,</span> <span class='ocrx_word' id='word_1_25' title='bbox 324 571 364 613; x_wconf 91' lang='lat' dir='ltr'>ne</span> <span class='ocrx_word' id='word_1_26' title='bbox 384 549 455 632; x_wconf 89' lang='lat' dir='ltr'>quis</span> <span class='ocrx_word' id='word_1_27' title='bbox 474 553 587 632; x_wconf 88' lang='lat' dir='ltr'>postea</span> <span class='ocrx_word' id='word_1_28' title='bbox 605 552 720 633; x_wconf 91' lang='lat' dir='ltr'>potens</span> <span class='ocrx_word' id='word_1_29' title='bbox 740 548 875 614; x_wconf 74' lang='lat' dir='ltr'><strong>disceret</strong></span> <span class='ocrx_word' id='word_1_30' title='bbox 892 550 1112 636; x_wconf 80' lang='lat' dir='ltr'>inrideretque</span> 
     </span>
     <span class='ocr_line' id='line_1_5' title="bbox 90 639 1112 724; baseline 0.002 -21"><span class='ocrx_word' id='word_1_31' title='bbox 90 639 137 704; x_wconf 92' lang='lat' dir='ltr'>rei</span> <span class='ocrx_word' id='word_1_32' title='bbox 166 639 299 703; x_wconf 90' lang='lat' dir='ltr'>minime</span> <span class='ocrx_word' id='word_1_33' title='bbox 327 639 496 702; x_wconf 85' lang='lat' dir='ltr'>humanae.</span> <span class='ocrx_word' id='word_1_34' title='bbox 543 660 561 704; x_wconf 97' lang='lat' dir='ltr'>o</span> <span class='ocrx_word' id='word_1_35' title='bbox 591 642 748 721; x_wconf 87' lang='lat' dir='ltr'>quantum</span> <span class='ocrx_word' id='word_1_36' title='bbox 776 639 923 724; x_wconf 87' lang='lat' dir='ltr'>caliginis</span> <span class='ocrx_word' id='word_1_37' title='bbox 951 641 1112 705; x_wconf 89' lang='lat' dir='ltr'>mentibus</span> 
     </span>
     <span class='ocr_line' id='line_1_6' title="bbox 60 726 1112 813; baseline 0.005 -25"><span class='ocrx_word' id='word_1_38' title='bbox 60 728 210 793; x_wconf 80' lang='lat' dir='ltr'>anostris</span> <span class='ocrx_word' id='word_1_39' title='bbox 248 726 347 792; x_wconf 90' lang='lat' dir='ltr'>obicit</span> <span class='ocrx_word' id='word_1_40' title='bbox 377 749 496 813; x_wconf 88' lang='lat' dir='ltr'>magna</span> <span class='ocrx_word' id='word_1_41' title='bbox 526 727 678 792; x_wconf 74' lang='lat' dir='ltr'>felicitas!</span> <span class='ocrx_word' id='word_1_42' title='bbox 723 727 778 792; x_wconf 90' lang='lat' dir='ltr'>ille</span> <span class='ocrx_word' id='word_1_43' title='bbox 810 748 844 792; x_wconf 89' lang='lat' dir='ltr'>se</span> <span class='ocrx_word' id='word_1_44' title='bbox 876 749 974 812; x_wconf 90' lang='lat' dir='ltr'>supra</span> <span class='ocrx_word' id='word_1_45' title='bbox 1004 751 1112 795; x_wconf 91' lang='lat' dir='ltr'>rerum</span> 
     </span>
     <span class='ocr_line' id='line_1_7' title="bbox 89 816 1112 900; baseline 0.002 -19"><span class='ocrx_word' id='word_1_46' title='bbox 89 820 239 881; x_wconf 87' lang='lat' dir='ltr'>naturam</span> <span class='ocrx_word' id='word_1_47' title='bbox 270 838 339 881; x_wconf 91' lang='lat' dir='ltr'>esse</span> <span class='ocrx_word' id='word_1_48' title='bbox 368 819 446 880; x_wconf 91' lang='lat' dir='ltr'>tunc</span> <span class='ocrx_word' id='word_1_49' title='bbox 476 816 624 900; x_wconf 91' lang='lat' dir='ltr'>credidit,</span> <span class='ocrx_word' id='word_1_50' title='bbox 653 837 727 881; x_wconf 89' lang='lat' dir='ltr'>cnm</span> <span class='ocrx_word' id='word_1_51' title='bbox 757 819 809 881; x_wconf 92' lang='lat' dir='ltr'>tot</span> <span class='ocrx_word' id='word_1_52' title='bbox 837 816 1026 882; x_wconf 89' lang='lat' dir='ltr'>miserorum</span> <span class='ocrx_word' id='word_1_53' title='bbox 1055 819 1112 883; x_wconf 92' lang='lat' dir='ltr'>ho-</span> 
     </span>
     <span class='ocr_line' id='line_1_8' title="bbox 91 905 1112 991; baseline 0.001 -21"><span class='ocrx_word' id='word_1_54' title='bbox 91 906 215 970; x_wconf 89' lang='lat' dir='ltr'>minum</span> <span class='ocrx_word' id='word_1_55' title='bbox 245 909 388 970; x_wconf 85' lang='lat' dir='ltr'>catervas</span> <span class='ocrx_word' id='word_1_56' title='bbox 418 906 478 970; x_wconf 89' lang='lat' dir='ltr'>sub</span> <span class='ocrx_word' id='word_1_57' title='bbox 509 905 572 971; x_wconf 85' lang='lat' dir='ltr'>alio</span> <span class='ocrx_word' id='word_1_58' title='bbox 603 906 692 970; x_wconf 86' lang='lat' dir='ltr'>caelo</span> <span class='ocrx_word' id='word_1_59' title='bbox 719 905 804 970; x_wconf 87' lang='lat' dir='ltr'>natis</span> <span class='ocrx_word' id='word_1_60' title='bbox 831 905 934 970; x_wconf 89' lang='lat' dir='ltr'>beluis</span> <span class='ocrx_word' id='word_1_61' title='bbox 963 906 1112 991; x_wconf 89' lang='lat' dir='ltr'>obiceret,</span> 
     </span>
     <span class='ocr_line' id='line_1_9' title="bbox 91 994 1113 1080; baseline 0 -20"><span class='ocrx_word' id='word_1_62' title='bbox 91 1016 165 1060; x_wconf 91' lang='lat' dir='ltr'>cum</span> <span class='ocrx_word' id='word_1_63' title='bbox 191 995 313 1060; x_wconf 90' lang='lat' dir='ltr'>bellum</span> <span class='ocrx_word' id='word_1_64' title='bbox 340 995 426 1059; x_wconf 91' lang='lat' dir='ltr'>inter</span> <span class='ocrx_word' id='word_1_65' title='bbox 452 998 520 1058; x_wconf 88' lang='lat' dir='ltr'>tam</span> <span class='ocrx_word' id='word_1_66' title='bbox 548 994 687 1080; x_wconf 87' lang='lat' dir='ltr'>disparia</span> <span class='ocrx_word' id='word_1_67' title='bbox 714 995 866 1059; x_wconf 83' lang='lat' dir='ltr'>animalia</span> <span class='ocrx_word' id='word_1_68' title='bbox 888 995 1113 1080; x_wconf 88' lang='lat' dir='ltr'>committeret,</span> 
     </span>
     <span class='ocr_line' id='line_1_10' title="bbox 90 1082 1112 1170; baseline 0.001 -21"><span class='ocrx_word' id='word_1_69' title='bbox 90 1106 165 1149; x_wconf 93' lang='lat' dir='ltr'>cum</span> <span class='ocrx_word' id='word_1_70' title='bbox 191 1084 226 1148; x_wconf 92' lang='lat' dir='ltr'>in</span> <span class='ocrx_word' id='word_1_71' title='bbox 253 1087 462 1168; x_wconf 85' lang='lat' dir='ltr'>conspectum</span> <span class='ocrx_word' id='word_1_72' title='bbox 485 1084 599 1168; x_wconf 90' lang='lat' dir='ltr'>populi</span> <span class='ocrx_word' id='word_1_73' title='bbox 622 1082 762 1148; x_wconf 91' lang='lat' dir='ltr'>Romani</span> <span class='ocrx_word' id='word_1_74' title='bbox 783 1085 923 1148; x_wconf 89' lang='lat' dir='ltr'>multum</span> <span class='ocrx_word' id='word_1_75' title='bbox 947 1084 1112 1170; x_wconf 81' lang='lat' dir='ltr'>sanguinis</span> 
     </span>
     <span class='ocr_line' id='line_1_11' title="bbox 45 1172 1112 1258; baseline 0.006 -26"><span class='ocrx_word' id='word_1_76' title='bbox 45 1172 239 1239; x_wconf 79' lang='lat' dir='ltr'>refunderet</span> <span class='ocrx_word' id='word_1_77' title='bbox 265 1196 343 1239; x_wconf 87' lang='lat' dir='ltr'>mox</span> <span class='ocrx_word' id='word_1_78' title='bbox 369 1173 443 1258; x_wconf 92' lang='lat' dir='ltr'>plus</span> <span class='ocrx_word' id='word_1_79' title='bbox 471 1174 579 1257; x_wconf 93' lang='lat' dir='ltr'>ipsum</span> <span class='ocrx_word' id='word_1_80' title='bbox 602 1172 736 1238; x_wconf 83' lang='lat' dir='ltr'>fundere</span> <span class='ocrx_word' id='word_1_81' title='bbox 759 1177 943 1258; x_wconf 83' lang='lat' dir='ltr'>coacturus3</span> <span class='ocrx_word' id='word_1_82' title='bbox 970 1177 1004 1238; x_wconf 89' lang='lat' dir='ltr'>at</span> <span class='ocrx_word' id='word_1_83' title='bbox 1026 1173 1112 1238; x_wconf 92' lang='lat' dir='ltr'>idem</span> 
     </span>
     <span class='ocr_line' id='line_1_12' title="bbox 89 1261 1111 1347; baseline 0 -19"><span class='ocrx_word' id='word_1_84' title='bbox 89 1266 202 1347; x_wconf 84' lang='lat' dir='ltr'>postea</span> <span class='ocrx_word' id='word_1_85' title='bbox 224 1261 444 1328; x_wconf 84' lang='lat' dir='ltr'>Alexandrina</span> <span class='ocrx_word' id='word_1_86' title='bbox 470 1262 606 1346; x_wconf 89' lang='lat' dir='ltr'>perfidia</span> <span class='ocrx_word' id='word_1_87' title='bbox 633 1262 785 1347; x_wconf 89' lang='lat' dir='ltr'>deceptus</span> <span class='ocrx_word' id='word_1_88' title='bbox 809 1262 925 1328; x_wconf 90' lang='lat' dir='ltr'>ultimo</span> <span class='ocrx_word' id='word_1_89' title='bbox 949 1262 1111 1347; x_wconf 86' lang='lat' dir='ltr'>mancipio</span> 
     </span>
     <span class='ocr_line' id='line_1_13' title="bbox 89 1351 1113 1437; baseline 0.001 -21"><span class='ocrx_word' id='word_1_90' title='bbox 89 1353 368 1418; x_wconf 80' lang='lat' dir='ltr'>transfodiendum</span> <span class='ocrx_word' id='word_1_91' title='bbox 404 1373 439 1417; x_wconf 93' lang='lat' dir='ltr'>se</span> <span class='ocrx_word' id='word_1_92' title='bbox 474 1351 635 1437; x_wconf 89' lang='lat' dir='ltr'>praebuit,</span> <span class='ocrx_word' id='word_1_93' title='bbox 675 1355 746 1416; x_wconf 91' lang='lat' dir='ltr'>tum</span> <span class='ocrx_word' id='word_1_94' title='bbox 784 1352 913 1417; x_wconf 92' lang='lat' dir='ltr'>demum</span> <span class='ocrx_word' id='word_1_95' title='bbox 949 1353 1113 1418; x_wconf 87' lang='lat' dir='ltr'>intellecta</span> 
     </span>
     <span class='ocr_line' id='line_1_14' title="bbox 89 1441 1146 1526; baseline 0.003 -21"><span class='ocrx_word' id='word_1_96' title='bbox 89 1442 178 1505; x_wconf 89' lang='lat' dir='ltr'>inani</span> <span class='ocrx_word' id='word_1_97' title='bbox 205 1442 378 1506; x_wconf 87' lang='lat' dir='ltr'>iactatione</span> <span class='ocrx_word' id='word_1_98' title='bbox 406 1441 608 1526; x_wconf 83' lang='lat' dir='ltr'>cognominis</span> <span class='ocrx_word' id='word_1_99' title='bbox 636 1441 696 1505; x_wconf 92' lang='lat' dir='ltr'>sui.</span> <span class='ocrx_word' id='word_1_100' title='bbox 742 1441 797 1506; x_wconf 89' lang='lat' dir='ltr'>sed</span> <span class='ocrx_word' id='word_1_101' title='bbox 820 1445 858 1506; x_wconf 91' lang='lat' dir='ltr'>ut</span> <span class='ocrx_word' id='word_1_102' title='bbox 880 1441 938 1506; x_wconf 88' lang='lat' dir='ltr'>illo</span> <span class='ocrx_word' id='word_1_103' title='bbox 960 1445 1146 1525; x_wconf 61' lang='lat' dir='ltr'>revertens</span> 
     </span>
     <span class='ocr_line' id='line_1_15' title="bbox 89 1529 1112 1616; baseline 0.001 -22"><span class='ocrx_word' id='word_1_104' title='bbox 89 1530 174 1594; x_wconf 90' lang='lat' dir='ltr'>unde</span> <span class='ocrx_word' id='word_1_105' title='bbox 202 1529 338 1612; x_wconf 83' lang='lat' dir='ltr'>decessi,</span> <span class='ocrx_word' id='word_1_106' title='bbox 369 1533 401 1593; x_wconf 87' lang='lat' dir='ltr'>et</span> <span class='ocrx_word' id='word_1_107' title='bbox 427 1530 462 1593; x_wconf 93' lang='lat' dir='ltr'>in</span> <span class='ocrx_word' id='word_1_108' title='bbox 494 1529 604 1594; x_wconf 88' lang='lat' dir='ltr'>eadem</span> <span class='ocrx_word' id='word_1_109' title='bbox 637 1530 771 1595; x_wconf 87' lang='lat' dir='ltr'>materia</span> <span class='ocrx_word' id='word_1_110' title='bbox 804 1531 971 1596; x_wconf 88' lang='lat' dir='ltr'>ostendam</span> <span class='ocrx_word' id='word_1_111' title='bbox 1004 1553 1112 1616; x_wconf 88' lang='lat' dir='ltr'>super-</span> 
     </span>
     <span class='ocr_line' id='line_1_16' title="bbox 46 1617 1112 1772; baseline 0.004 -92"><span class='ocrx_word' id='word_1_112' title='bbox 46 1639 71 1680; x_wconf 66' lang='grc' dir='ltr'>ιε</span> <span class='ocrx_word' id='word_1_113' title='bbox 89 1640 224 1770; x_wconf 59' lang='lat' dir='ltr'>vairpam</span> <span class='ocrx_word' id='word_1_114' title='bbox 235 1617 448 1771; x_wconf 57' lang='lat' dir='ltr'>qugrussrpdapn</span> <span class='ocrx_word' id='word_1_115' title='bbox 458 1618 671 1771; x_wconf 54' lang='lat' dir='ltr'>diligepptiiam:</span> <span class='ocrx_word' id='word_1_116' title='bbox 677 1619 776 1772; x_wconf 61' lang='lat' dir='ltr'>hidepn</span> <span class='ocrx_word' id='word_1_117' title='bbox 785 1621 936 1685; x_wconf 88' lang='lat' dir='ltr'>narrabat</span> <span class='ocrx_word' id='word_1_118' title='bbox 945 1619 1112 1723; x_wconf 85' lang='lat' dir='ltr'>Metellum</span> 
     </span>
     <span class='ocr_line' id='line_1_17' title="bbox 89 1727 1112 1791; baseline 0.004 -21"><span class='ocrx_word' id='word_1_119' title='bbox 89 1728 141 1771; x_wconf 83' lang='lat' dir='ltr'>vrc</span> <span class='ocrx_word' id='word_1_120' title='bbox 156 1727 183 1770; x_wconf 90' lang='lat' dir='ltr'>rs</span> <span class='ocrx_word' id='word_1_121' title='bbox 210 1729 246 1770; x_wconf 91' lang='lat' dir='ltr'>1n</span> <span class='ocrx_word' id='word_1_122' title='bbox 296 1728 327 1772; x_wconf 89' lang='lat' dir='ltr'>rc</span> <span class='ocrx_word' id='word_1_123' title='bbox 364 1729 383 1770; x_wconf 91' lang='lat' dir='ltr'>a</span> <span class='ocrx_word' id='word_1_124' title='bbox 438 1728 527 1772; x_wconf 91' lang='lat' dir='ltr'>oems</span> <span class='ocrx_word' id='word_1_125' title='bbox 598 1730 676 1791; x_wconf 92' lang='lat' dir='ltr'>ump</span> <span class='ocrx_word' id='word_1_126' title='bbox 701 1729 743 1772; x_wconf 88' lang='lat' dir='ltr'>an</span> <span class='ocrx_word' id='word_1_127' title='bbox 758 1731 809 1772; x_wconf 94' lang='lat' dir='ltr'>em</span> <span class='ocrx_word' id='word_1_128' title='bbox 837 1732 939 1773; x_wconf 89' lang='lat' dir='ltr'>unum</span> <span class='ocrx_word' id='word_1_129' title='bbox 967 1730 1112 1774; x_wconf 92' lang='lat' dir='ltr'>ommum</span> 
     </span>
     <span class='ocr_line' id='line_1_18' title="bbox 90 1794 1111 1883; baseline 0.003 -23"><span class='ocrx_word' id='word_1_130' title='bbox 90 1794 312 1860; x_wconf 91' lang='lat' dir='ltr'>Romanorum</span> <span class='ocrx_word' id='word_1_131' title='bbox 342 1798 416 1860; x_wconf 88' lang='lat' dir='ltr'>ante</span> <span class='ocrx_word' id='word_1_132' title='bbox 447 1817 577 1861; x_wconf 91' lang='lat' dir='ltr'>currum</span> <span class='ocrx_word' id='word_1_133' title='bbox 605 1800 735 1862; x_wconf 89' lang='lat' dir='ltr'>centum</span> <span class='ocrx_word' id='word_1_134' title='bbox 763 1800 796 1862; x_wconf 88' lang='lat' dir='ltr'>et</span> <span class='ocrx_word' id='word_1_135' title='bbox 822 1798 939 1883; x_wconf 83' lang='lat' dir='ltr'>viginti</span> <span class='ocrx_word' id='word_1_136' title='bbox 966 1799 1111 1882; x_wconf 81' lang='lat' dir='ltr'>captivos</span> 
     </span>
     <span class='ocr_line' id='line_1_19' title="bbox 90 1883 1112 1970; baseline 0.002 -21"><span class='ocrx_word' id='word_1_137' title='bbox 90 1884 279 1967; x_wconf 75' lang='lat' dir='ltr'>elephantos</span> <span class='ocrx_word' id='word_1_138' title='bbox 303 1884 446 1969; x_wconf 72' lang='lat' dir='ltr'>duxisse,</span> <span class='ocrx_word' id='word_1_139' title='bbox 473 1883 596 1950; x_wconf 88' lang='lat' dir='ltr'>Sullam</span> <span class='ocrx_word' id='word_1_140' title='bbox 620 1885 772 1950; x_wconf 89' lang='lat' dir='ltr'>ultimum</span> <span class='ocrx_word' id='word_1_141' title='bbox 795 1885 1016 1951; x_wconf 86' lang='lat' dir='ltr'>Romanorum</span> <span class='ocrx_word' id='word_1_142' title='bbox 1039 1907 1112 1970; x_wconf 88' lang='lat' dir='ltr'>pro·</span> 
     </span>
     <span class='ocr_line' id='line_1_20' title="bbox 89 1974 1112 2060; baseline 0.001 -22"><span class='ocrx_word' id='word_1_143' title='bbox 89 1974 203 2039; x_wconf 92' lang='lat' dir='ltr'>tulisse</span> <span class='ocrx_word' id='word_1_144' title='bbox 239 1974 433 2058; x_wconf 90' lang='lat' dir='ltr'>pomerium,</span> <span class='ocrx_word' id='word_1_145' title='bbox 475 1975 562 2058; x_wconf 89' lang='lat' dir='ltr'>quod</span> <span class='ocrx_word' id='word_1_146' title='bbox 597 1997 775 2060; x_wconf 85' lang='lat' dir='ltr'>numquam</span> <span class='ocrx_word' id='word_1_147' title='bbox 811 1974 1015 2060; x_wconf 85' lang='lat' dir='ltr'>provinciali,</span> <span class='ocrx_word' id='word_1_148' title='bbox 1056 1975 1112 2039; x_wconf 91' lang='lat' dir='ltr'>sed</span> 
     </span>
     <span class='ocr_line' id='line_1_21' title="bbox 45 2061 1111 2150; baseline 0.004 -25"><span class='ocrx_word' id='word_1_149' title='bbox 45 2085 72 2125; x_wconf 82' lang='lat' dir='ltr'>ao</span> <span class='ocrx_word' id='word_1_150' title='bbox 89 2061 204 2128; x_wconf 86' lang='lat' dir='ltr'>Italico</span> <span class='ocrx_word' id='word_1_151' title='bbox 236 2085 314 2150; x_wconf 89' lang='lat' dir='ltr'>agro</span> <span class='ocrx_word' id='word_1_152' title='bbox 347 2063 509 2148; x_wconf 87' lang='lat' dir='ltr'>adquisito</span> <span class='ocrx_word' id='word_1_153' title='bbox 541 2064 685 2148; x_wconf 81' lang='lat' dir='ltr'>proferre</span> <span class='ocrx_word' id='word_1_154' title='bbox 717 2065 817 2130; x_wconf 89' lang='lat' dir='ltr'>moris</span> <span class='ocrx_word' id='word_1_155' title='bbox 849 2067 929 2148; x_wconf 89' lang='lat' dir='ltr'>aput</span> <span class='ocrx_word' id='word_1_156' title='bbox 960 2063 1111 2147; x_wconf 88' lang='lat' dir='ltr'>antiquos</span> 
     </span>
     <span class='ocr_line' id='line_1_22' title="bbox 89 2151 1112 2239; baseline 0.001 -23"><span class='ocrx_word' id='word_1_157' title='bbox 89 2152 160 2216; x_wconf 79' lang='lat' dir='ltr'>fuit.</span> <span class='ocrx_word' id='word_1_158' title='bbox 205 2153 269 2218; x_wconf 90' lang='lat' dir='ltr'>hoc</span> <span class='ocrx_word' id='word_1_159' title='bbox 292 2152 372 2218; x_wconf 90' lang='lat' dir='ltr'>scire</span> <span class='ocrx_word' id='word_1_160' title='bbox 395 2153 498 2239; x_wconf 89' lang='lat' dir='ltr'>magis</span> <span class='ocrx_word' id='word_1_161' title='bbox 522 2153 667 2238; x_wconf 87' lang='lat' dir='ltr'>prodest,</span> <span class='ocrx_word' id='word_1_162' title='bbox 690 2175 787 2236; x_wconf 91' lang='lat' dir='ltr'>quam</span> <span class='ocrx_word' id='word_1_163' title='bbox 805 2151 1004 2218; x_wconf 85' lang='lat' dir='ltr'>Aventinum</span> <span class='ocrx_word' id='word_1_164' title='bbox 1022 2175 1112 2218; x_wconf 93' lang='lat' dir='ltr'>mon·</span> 
     </span>
     <span class='ocr_line' id='line_1_23' title="bbox 89 2242 1112 2327; baseline 0.001 -21"><span class='ocrx_word' id='word_1_165' title='bbox 89 2246 156 2306; x_wconf 88' lang='lat' dir='ltr'>tem</span> <span class='ocrx_word' id='word_1_166' title='bbox 179 2246 270 2307; x_wconf 88' lang='lat' dir='ltr'>extra</span> <span class='ocrx_word' id='word_1_167' title='bbox 291 2242 473 2325; x_wconf 90' lang='lat' dir='ltr'>pomerium</span> <span class='ocrx_word' id='word_1_168' title='bbox 497 2262 579 2327; x_wconf 88' lang='lat' dir='ltr'>esse,</span> <span class='ocrx_word' id='word_1_169' title='bbox 608 2246 646 2307; x_wconf 88' lang='lat' dir='ltr'>ut</span> <span class='ocrx_word' id='word_1_170' title='bbox 668 2243 724 2308; x_wconf 84' lang='lat' dir='ltr'>ille</span> <span class='ocrx_word' id='word_1_171' title='bbox 746 2242 950 2326; x_wconf 86' lang='lat' dir='ltr'>adfirmabat,</span> <span class='ocrx_word' id='word_1_172' title='bbox 979 2246 1112 2327; x_wconf 86' lang='lat' dir='ltr'>propter</span> 
     </span>
     <span class='ocr_line' id='line_1_24' title="bbox 89 2331 1112 2417; baseline 0 -21"><span class='ocrx_word' id='word_1_173' title='bbox 89 2332 224 2396; x_wconf 87' lang='lat' dir='ltr'>alteram</span> <span class='ocrx_word' id='word_1_174' title='bbox 257 2354 297 2396; x_wconf 89' lang='lat' dir='ltr'>ex</span> <span class='ocrx_word' id='word_1_175' title='bbox 328 2333 451 2397; x_wconf 88' lang='lat' dir='ltr'>duabus</span> <span class='ocrx_word' id='word_1_176' title='bbox 479 2332 598 2416; x_wconf 84' lang='lat' dir='ltr'>causis,</span> <span class='ocrx_word' id='word_1_177' title='bbox 630 2335 686 2396; x_wconf 87' lang='lat' dir='ltr'>aut</span> <span class='ocrx_word' id='word_1_178' title='bbox 713 2332 800 2415; x_wconf 89' lang='lat' dir='ltr'>qnod</span> <span class='ocrx_word' id='word_1_179' title='bbox 826 2331 918 2417; x_wconf 89' lang='lat' dir='ltr'>plebs</span> <span class='ocrx_word' id='word_1_180' title='bbox 946 2354 984 2397; x_wconf 89' lang='lat' dir='ltr'>eo</span> <span class='ocrx_word' id='word_1_181' title='bbox 1011 2352 1112 2397; x_wconf 89' lang='lat' dir='ltr'>seces·</span> 
     </span>
     <span class='ocr_line' id='line_1_25' title="bbox 91 2419 1111 2505; baseline 0.001 -21"><span class='ocrx_word' id='word_1_182' title='bbox 91 2419 197 2503; x_wconf 78' lang='lat' dir='ltr'>sisset,</span> <span class='ocrx_word' id='word_1_183' title='bbox 225 2424 281 2485; x_wconf 88' lang='lat' dir='ltr'>aut</span> <span class='ocrx_word' id='word_1_184' title='bbox 310 2421 397 2505; x_wconf 90' lang='lat' dir='ltr'>quod</span> <span class='ocrx_word' id='word_1_185' title='bbox 420 2419 523 2487; x_wconf 90' lang='lat' dir='ltr'>Remo</span> <span class='ocrx_word' id='word_1_186' title='bbox 551 2420 738 2504; x_wconf 85' lang='lat' dir='ltr'>auspicante</span> <span class='ocrx_word' id='word_1_187' title='bbox 765 2421 823 2485; x_wconf 87' lang='lat' dir='ltr'>illo</span> <span class='ocrx_word' id='word_1_188' title='bbox 850 2422 923 2486; x_wconf 86' lang='lat' dir='ltr'>loco</span> <span class='ocrx_word' id='word_1_189' title='bbox 947 2441 1021 2487; x_wconf 82' lang='lat' dir='ltr'>aves</span> <span class='ocrx_word' id='word_1_190' title='bbox 1044 2443 1111 2486; x_wconf 92' lang='lat' dir='ltr'>non</span> 
     </span>
     <span class='ocr_line' id='line_1_26' title="bbox 46 2508 1145 2594; baseline 0.007 -26"><span class='ocrx_word' id='word_1_191' title='bbox 46 2528 72 2569; x_wconf 79' lang='lat' dir='ltr'>as</span> <span class='ocrx_word' id='word_1_192' title='bbox 90 2508 301 2592; x_wconf 83' lang='lat' dir='ltr'>addixissent,</span> <span class='ocrx_word' id='word_1_193' title='bbox 324 2511 387 2575; x_wconf 88' lang='lat' dir='ltr'>alia</span> <span class='ocrx_word' id='word_1_194' title='bbox 406 2510 555 2594; x_wconf 90' lang='lat' dir='ltr'>deinceps</span> <span class='ocrx_word' id='word_1_195' title='bbox 574 2510 835 2593; x_wconf 87' lang='lat' dir='ltr'>innumerabilia,</span> <span class='ocrx_word' id='word_1_196' title='bbox 853 2532 935 2594; x_wconf 90' lang='lat' dir='ltr'>quae</span> <span class='ocrx_word' id='word_1_197' title='bbox 954 2513 1010 2575; x_wconf 88' lang='lat' dir='ltr'>ant</span> <span class='ocrx_word' id='word_1_198' title='bbox 1027 2511 1111 2575; x_wconf 84' lang='lat' dir='ltr'>farta</span> <span class='ocrx_word' id='word_1_199' title='bbox 1130 2527 1145 2576; x_wconf 85' lang='lat'>9</span> 
     </span>
    </p>
   </div>
   <div class='ocr_carea' id='block_1_3' title="bbox 88 2735 1136 3595">
    <p class='ocr_par' dir='ltr' id='par_1_3' title="bbox 88 2735 1136 3595">
     <span class='ocr_line' id='line_1_27' title="bbox 180 2735 1111 2808; baseline 0.004 -18"><span class='ocrx_word' id='word_1_200' title='bbox 180 2735 196 2790; x_wconf 94' lang='lat'>1</span> <span class='ocrx_word' id='word_1_201' title='bbox 215 2737 310 2791; x_wconf 81' lang='lat' dir='ltr'>verba:</span> <span class='ocrx_word' id='word_1_202' title='bbox 329 2737 495 2807; x_wconf 81' lang='lat' dir='ltr'>depugnant</span> <span class='ocrx_word' id='word_1_203' title='bbox 513 2780 521 2793; x_wconf 88' lang='lat'>.</span> <span class='ocrx_word' id='word_1_204' title='bbox 536 2780 564 2793; x_wconf 88' lang='lat'>..</span> <span class='ocrx_word' id='word_1_205' title='bbox 584 2738 753 2793; x_wconf 75' lang='lat' dir='ltr'>exteruntur.</span> <span class='ocrx_word' id='word_1_206' title='bbox 786 2739 901 2808; x_wconf 76' lang='lat' dir='ltr'>Pompei</span> <span class='ocrx_word' id='word_1_207' title='bbox 918 2755 973 2795; x_wconf 79' lang='lat' dir='ltr'>esse</span> <span class='ocrx_word' id='word_1_208' title='bbox 990 2739 1023 2793; x_wconf 82' lang='lat' dir='ltr'>de</span> <span class='ocrx_word' id='word_1_209' title='bbox 1041 2745 1111 2794; x_wconf 76' lang='lat' dir='ltr'>sorte</span> 
     </span>
     <span class='ocr_line' id='line_1_28' title="bbox 89 2807 1112 2882; baseline 0.002 -21"><span class='ocrx_word' id='word_1_210' title='bbox 89 2807 202 2862; x_wconf 76' lang='lat' dir='ltr'>allorum</span> <span class='ocrx_word' id='word_1_211' title='bbox 219 2809 360 2864; x_wconf 72' lang='lat' dir='ltr'>tonicam</span> <span class='ocrx_word' id='word_1_212' title='bbox 377 2811 458 2878; x_wconf 76' lang='lat' dir='ltr'>quasi</span> <span class='ocrx_word' id='word_1_213' title='bbox 476 2810 653 2865; x_wconf 76' lang='lat' dir='ltr'>deliberantis</span> <span class='ocrx_word' id='word_1_214' title='bbox 669 2809 751 2864; x_wconf 72' lang='lat' dir='ltr'>Gertz</span> <span class='ocrx_word' id='word_1_215' title='bbox 764 2812 906 2879; x_wconf 78' lang='lat' dir='ltr'>perspexit</span> <span class='ocrx_word' id='word_1_216' title='bbox 926 2809 929 2882; x_wconf 89' lang='grc' dir='ltr'>Η</span> <span class='ocrx_word' id='word_1_217' title='bbox 950 2809 1112 2864; x_wconf 86' lang='lat' dir='ltr'>lancinatur</span> 
     </span>
     <span class='ocr_line' id='line_1_29' title="bbox 90 2879 1112 2984; baseline 0.005 -52"><span class='ocrx_word' id='word_1_218' title='bbox 90 2880 119 2933; x_wconf 97' lang='lat' dir='ltr'><strong><em>A</em></strong></span> <span class='ocrx_word' id='word_1_219' title='bbox 146 2879 149 2951; x_wconf 90' lang='grc' dir='ltr'>Η</span> <span class='ocrx_word' id='word_1_220' title='bbox 176 2879 288 2948; x_wconf 84' lang='lat' dir='ltr'>ingenti</span> <span class='ocrx_word' id='word_1_221' title='bbox 312 2896 380 2935; x_wconf 77' lang='lat' dir='ltr'>corr.</span> <span class='ocrx_word' id='word_1_222' title='bbox 402 2897 436 2936; x_wconf 68' lang='lat' dir='ltr'>esc</span> <span class='ocrx_word' id='word_1_223' title='bbox 459 2881 558 2950; x_wconf 88' lang='lat' dir='ltr'>ingeni</span> <span class='ocrx_word' id='word_1_224' title='bbox 578 2880 621 2935; x_wconf 82' lang='lat' dir='ltr'>A’</span> <span class='ocrx_word' id='word_1_225' title='bbox 642 2880 652 2953; x_wconf 92' lang='grc' dir='ltr'>ΗΗ</span> <span class='ocrx_word' id='word_1_226' title='bbox 676 2881 695 2935; x_wconf 93' lang='grc'>2</span> <span class='ocrx_word' id='word_1_227' title='bbox 717 2879 863 2935; x_wconf 80' lang='lat' dir='ltr'>obliuiouri</span> <span class='ocrx_word' id='word_1_228' title='bbox 883 2881 925 2936; x_wconf 91' lang='lat' dir='ltr'>A²</span> <span class='ocrx_word' id='word_1_229' title='bbox 947 2897 1015 2936; x_wconf 82' lang='lat' dir='ltr'>corr.</span> <span class='ocrx_word' id='word_1_230' title='bbox 1037 2880 1080 2937; x_wconf 65' lang='lat' dir='ltr'>A*</span> <span class='ocrx_word' id='word_1_231' title='bbox 1101 2879 1112 2984; x_wconf 95' lang='grc' dir='ltr'>Η</span> 
     </span>
     <span class='ocr_line' id='line_1_30' title="bbox 89 2950 1098 3024; baseline 0.004 -20"><span class='ocrx_word' id='word_1_232' title='bbox 89 2950 107 3004; x_wconf 83' lang='grc'><strong>9</strong></span> <span class='ocrx_word' id='word_1_233' title='bbox 125 2951 156 3004; x_wconf 92' lang='lat' dir='ltr'>in</span> <span class='ocrx_word' id='word_1_234' title='bbox 173 2953 370 3020; x_wconf 86' lang='lat' dir='ltr'>conspectum</span> <span class='ocrx_word' id='word_1_235' title='bbox 383 2953 412 3008; x_wconf 91' lang='lat' dir='ltr'><strong><em>A</em></strong></span> <span class='ocrx_word' id='word_1_236' title='bbox 429 2952 460 3005; x_wconf 91' lang='lat' dir='ltr'>in</span> <span class='ocrx_word' id='word_1_237' title='bbox 475 2954 627 3021; x_wconf 87' lang='lat' dir='ltr'>conspectu</span> <span class='ocrx_word' id='word_1_238' title='bbox 645 2953 714 3023; x_wconf 74' lang='lat' dir='ltr'>oolp.</span> <span class='ocrx_word' id='word_1_239' title='bbox 727 2951 738 3024; x_wconf 96' lang='grc' dir='ltr'>Η</span> <span class='ocrx_word' id='word_1_240' title='bbox 755 2952 791 3006; x_wconf 92' lang='grc'>12</span> <span class='ocrx_word' id='word_1_241' title='bbox 808 2954 887 3007; x_wconf 90' lang='lat' dir='ltr'>trans</span> <span class='ocrx_word' id='word_1_242' title='bbox 905 2950 1055 3006; x_wconf 88' lang='lat' dir='ltr'>fodiendus</span> <span class='ocrx_word' id='word_1_243' title='bbox 1069 2952 1098 3008; x_wconf 91' lang='lat' dir='ltr'><strong><em>A</em></strong></span> 
     </span>
     <span class='ocr_line' id='line_1_31' title="bbox 89 3021 1110 3095; baseline 0.003 -19"><span class='ocrx_word' id='word_1_244' title='bbox 89 3038 157 3077; x_wconf 86' lang='lat' dir='ltr'>corr.</span> <span class='ocrx_word' id='word_1_245' title='bbox 175 3021 218 3076; x_wconf 85' lang='lat' dir='ltr'>A¹</span> <span class='ocrx_word' id='word_1_246' title='bbox 235 3021 245 3095; x_wconf 88' lang='grc' dir='ltr'>ΗΗ</span> <span class='ocrx_word' id='word_1_247' title='bbox 267 3022 302 3076; x_wconf 78' lang='grc'>13</span> <span class='ocrx_word' id='word_1_248' title='bbox 320 3025 447 3077; x_wconf 86' lang='lat' dir='ltr'>reuertar</span> <span class='ocrx_word' id='word_1_249' title='bbox 463 3023 540 3078; x_wconf 90' lang='lat' dir='ltr'>unde</span> <span class='ocrx_word' id='word_1_250' title='bbox 558 3023 601 3079; x_wconf 85' lang='lat' dir='ltr'>A²</span> <span class='ocrx_word' id='word_1_251' title='bbox 618 3039 686 3080; x_wconf 76' lang='lat' dir='ltr'>corr.</span> <span class='ocrx_word' id='word_1_252' title='bbox 705 3040 739 3078; x_wconf 79' lang='lat' dir='ltr'>ex</span> <span class='ocrx_word' id='word_1_253' title='bbox 758 3024 956 3079; x_wconf 86' lang='lat' dir='ltr'>reuertamnde</span> <span class='ocrx_word' id='word_1_254' title='bbox 974 3025 1006 3078; x_wconf 78' lang='lat' dir='ltr'>io</span> <span class='ocrx_word' id='word_1_255' title='bbox 1023 3041 1110 3095; x_wconf 66' lang='lat' dir='ltr'>moro.</span> 
     </span>
     <span class='ocr_line' id='line_1_32' title="bbox 88 3092 1112 3167; baseline 0.003 -20"><span class='ocrx_word' id='word_1_256' title='bbox 88 3093 143 3147; x_wconf 82' lang='lat' dir='ltr'>A⁶.·</span> <span class='ocrx_word' id='word_1_257' title='bbox 167 3092 338 3148; x_wconf 84' lang='lat' dir='ltr'>lreuertam</span> <span class='ocrx_word' id='word_1_258' title='bbox 360 3093 370 3167; x_wconf 97' lang='grc' dir='ltr'>Η</span> <span class='ocrx_word' id='word_1_259' title='bbox 394 3093 430 3148; x_wconf 83' lang='grc'>14</span> <span class='ocrx_word' id='word_1_260' title='bbox 448 3095 564 3150; x_wconf 90' lang='lat' dir='ltr'>decessi.</span> <span class='ocrx_word' id='word_1_261' title='bbox 592 3096 622 3150; x_wconf 88' lang='lat' dir='ltr'>et</span> <span class='ocrx_word' id='word_1_262' title='bbox 644 3097 662 3165; x_wconf 91' lang='lat'>(.</span> <span class='ocrx_word' id='word_1_263' title='bbox 682 3097 711 3150; x_wconf 89' lang='lat' dir='ltr'>et</span> <span class='ocrx_word' id='word_1_264' title='bbox 729 3096 761 3150; x_wconf 79' lang='lat' dir='ltr'>io</span> <span class='ocrx_word' id='word_1_265' title='bbox 778 3097 844 3166; x_wconf 78' lang='lat' dir='ltr'>ras.)</span> <span class='ocrx_word' id='word_1_266' title='bbox 863 3095 906 3150; x_wconf 79' lang='lat' dir='ltr'>A⁸</span> <span class='ocrx_word' id='word_1_267' title='bbox 931 3094 1052 3149; x_wconf 81' lang='lat' dir='ltr'>decessit</span> <span class='ocrx_word' id='word_1_268' title='bbox 1069 3094 1112 3150; x_wconf 81' lang='grc' dir='ltr'>Αι</span> 
     </span>
     <span class='ocr_line' id='line_1_33' title="bbox 90 3165 1112 3240; baseline 0.003 -22"><span class='ocrx_word' id='word_1_269' title='bbox 90 3165 206 3220; x_wconf 87' lang='lat' dir='ltr'>discessi</span> <span class='ocrx_word' id='word_1_270' title='bbox 229 3167 258 3219; x_wconf 88' lang='lat' dir='ltr'>et</span> <span class='ocrx_word' id='word_1_271' title='bbox 276 3178 294 3219; x_wconf 79' lang='lat' dir='ltr'>s</span> <span class='ocrx_word' id='word_1_272' title='bbox 315 3167 419 3219; x_wconf 90' lang='lat' dir='ltr'>recessi</span> <span class='ocrx_word' id='word_1_273' title='bbox 437 3167 466 3220; x_wconf 91' lang='lat' dir='ltr'>et</span> <span class='ocrx_word' id='word_1_274' title='bbox 484 3168 564 3221; x_wconf 78' lang='lat' dir='ltr'>Piae.</span> <span class='ocrx_word' id='word_1_275' title='bbox 583 3166 659 3221; x_wconf 87' lang='lat' dir='ltr'>codd.</span> <span class='ocrx_word' id='word_1_276' title='bbox 684 3166 695 3240; x_wconf 94' lang='grc' dir='ltr'>Η</span> <span class='ocrx_word' id='word_1_277' title='bbox 719 3166 756 3221; x_wconf 83' lang='grc'>16</span> <span class='ocrx_word' id='word_1_278' title='bbox 777 3166 901 3220; x_wconf 84' lang='lat' dir='ltr'>insiailia</span> <span class='ocrx_word' id='word_1_279' title='bbox 918 3165 962 3221; x_wconf 83' lang='lat' dir='ltr'>A⁸</span> <span class='ocrx_word' id='word_1_280' title='bbox 978 3167 1010 3221; x_wconf 77' lang='lat' dir='ltr'>io</span> <span class='ocrx_word' id='word_1_281' title='bbox 1027 3183 1083 3221; x_wconf 82' lang='lat' dir='ltr'>raa</span> <span class='ocrx_word' id='word_1_282' title='bbox 1101 3166 1112 3238; x_wconf 94' lang='grc' dir='ltr'>Η</span> 
     </span>
     <span class='ocr_line' id='line_1_34' title="bbox 89 3235 1110 3309; baseline 0.002 -19"><span class='ocrx_word' id='word_1_283' title='bbox 89 3235 125 3290; x_wconf 87' lang='grc'>18</span> <span class='ocrx_word' id='word_1_284' title='bbox 144 3236 246 3306; x_wconf 82' lang='lat' dir='ltr'>syllam</span> <span class='ocrx_word' id='word_1_285' title='bbox 263 3236 396 3291; x_wconf 88' lang='lat' dir='ltr'>ultimum</span> <span class='ocrx_word' id='word_1_286' title='bbox 414 3237 526 3307; x_wconf 90' lang='lat' dir='ltr'>(timum</span> <span class='ocrx_word' id='word_1_287' title='bbox 540 3239 572 3292; x_wconf 76' lang='lat' dir='ltr'>ic</span> <span class='ocrx_word' id='word_1_288' title='bbox 584 3254 639 3292; x_wconf 84' lang='lat' dir='ltr'>raa.</span> <span class='ocrx_word' id='word_1_289' title='bbox 654 3255 688 3292; x_wconf 87' lang='lat' dir='ltr'>m.</span> <span class='ocrx_word' id='word_1_290' title='bbox 703 3239 731 3308; x_wconf 85' lang='lat'>3)</span> <span class='ocrx_word' id='word_1_291' title='bbox 745 3239 774 3292; x_wconf 90' lang='lat' dir='ltr'><strong><em>A</em></strong></span> <span class='ocrx_word' id='word_1_292' title='bbox 787 3236 797 3309; x_wconf 88' lang='grc' dir='ltr'>ΗΗ</span> <span class='ocrx_word' id='word_1_293' title='bbox 815 3237 850 3291; x_wconf 82' lang='grc'>19</span> <span class='ocrx_word' id='word_1_294' title='bbox 868 3236 1019 3305; x_wconf 87' lang='lat' dir='ltr'>proniciali</span> <span class='ocrx_word' id='word_1_295' title='bbox 1036 3239 1110 3306; x_wconf 75' lang='lat' dir='ltr'>(aial)</span> 
     </span>
     <span class='ocr_line' id='line_1_35' title="bbox 89 3307 1110 3381; baseline 0 -19"><span class='ocrx_word' id='word_1_296' title='bbox 89 3323 110 3361; x_wconf 81' lang='lat' dir='ltr'>a.</span> <span class='ocrx_word' id='word_1_297' title='bbox 125 3324 149 3362; x_wconf 86' lang='lat' dir='ltr'>o.</span> <span class='ocrx_word' id='word_1_298' title='bbox 165 3309 229 3363; x_wconf 84' lang='lat' dir='ltr'>add.</span> <span class='ocrx_word' id='word_1_299' title='bbox 245 3308 288 3363; x_wconf 68' lang='grc' dir='ltr'>Α8</span> <span class='ocrx_word' id='word_1_300' title='bbox 304 3308 315 3381; x_wconf 96' lang='grc' dir='ltr'>Η</span> <span class='ocrx_word' id='word_1_301' title='bbox 332 3308 368 3363; x_wconf 86' lang='grc'>20</span> <span class='ocrx_word' id='word_1_302' title='bbox 383 3309 526 3377; x_wconf 89' lang='lat' dir='ltr'>adquisito</span> <span class='ocrx_word' id='word_1_303' title='bbox 545 3309 596 3378; x_wconf 89' lang='lat' dir='ltr'>(ito</span> <span class='ocrx_word' id='word_1_304' title='bbox 610 3310 710 3363; x_wconf 81' lang='lat' dir='ltr'>iaraa.</span> <span class='ocrx_word' id='word_1_305' title='bbox 725 3310 876 3364; x_wconf 81' lang='lat' dir='ltr'>maiorem.</span> <span class='ocrx_word' id='word_1_306' title='bbox 891 3310 920 3377; x_wconf 86' lang='lat'>3)</span> <span class='ocrx_word' id='word_1_307' title='bbox 934 3309 962 3362; x_wconf 94' lang='lat' dir='ltr'><strong><em>A</em></strong></span> <span class='ocrx_word' id='word_1_308' title='bbox 980 3308 990 3381; x_wconf 96' lang='grc' dir='ltr'>Η</span> <span class='ocrx_word' id='word_1_309' title='bbox 1007 3307 1042 3362; x_wconf 95' lang='grc'>21</span> <span class='ocrx_word' id='word_1_310' title='bbox 1056 3308 1110 3363; x_wconf 85' lang='lat' dir='ltr'>hoc</span> 
     </span>
     <span class='ocr_line' id='line_1_36' title="bbox 89 3377 1110 3452; baseline 0.002 -21"><span class='ocrx_word' id='word_1_311' title='bbox 89 3378 118 3431; x_wconf 90' lang='lat' dir='ltr'><strong><em>A</em></strong></span> <span class='ocrx_word' id='word_1_312' title='bbox 135 3377 207 3433; x_wconf 87' lang='lat' dir='ltr'>haec</span> <span class='ocrx_word' id='word_1_313' title='bbox 221 3379 382 3450; x_wconf 76' lang='lat' dir='ltr'>Wesenberq</span> <span class='ocrx_word' id='word_1_314' title='bbox 399 3379 409 3452; x_wconf 96' lang='grc' dir='ltr'>Η</span> <span class='ocrx_word' id='word_1_315' title='bbox 426 3379 462 3434; x_wconf 95' lang='grc'>22</span> <span class='ocrx_word' id='word_1_316' title='bbox 475 3380 632 3450; x_wconf 89' lang='lat' dir='ltr'>pomerium</span> <span class='ocrx_word' id='word_1_317' title='bbox 646 3378 689 3434; x_wconf 83' lang='lat' dir='ltr'>A¹</span> <span class='ocrx_word' id='word_1_318' title='bbox 705 3379 869 3448; x_wconf 89' lang='lat' dir='ltr'>pompeium</span> <span class='ocrx_word' id='word_1_319' title='bbox 883 3378 948 3451; x_wconf 69' lang='lat' dir='ltr'>A²1l</span> <span class='ocrx_word' id='word_1_320' title='bbox 965 3378 1002 3433; x_wconf 86' lang='grc'>24</span> <span class='ocrx_word' id='word_1_321' title='bbox 1016 3380 1110 3447; x_wconf 89' lang='lat' dir='ltr'>auspi·</span> 
     </span>
     <span class='ocr_line' id='line_1_37' title="bbox 90 3449 1109 3524; baseline 0.001 -23"><span class='ocrx_word' id='word_1_322' title='bbox 90 3450 168 3503; x_wconf 88' lang='lat' dir='ltr'>canti</span> <span class='ocrx_word' id='word_1_323' title='bbox 186 3451 347 3521; x_wconf 67' lang='lat' dir='ltr'>Wesenberg</span> <span class='ocrx_word' id='word_1_324' title='bbox 363 3452 427 3517; x_wconf 78' lang='lat' dir='ltr'>fort.</span> <span class='ocrx_word' id='word_1_325' title='bbox 446 3458 515 3506; x_wconf 83' lang='lat' dir='ltr'>recte</span> <span class='ocrx_word' id='word_1_326' title='bbox 537 3451 547 3524; x_wconf 89' lang='grc' dir='ltr'>ΗΗ</span> <span class='ocrx_word' id='word_1_327' title='bbox 569 3450 605 3504; x_wconf 77' lang='grc'>25</span> <span class='ocrx_word' id='word_1_328' title='bbox 624 3450 807 3505; x_wconf 85' lang='lat' dir='ltr'>addixissent.</span> <span class='ocrx_word' id='word_1_329' title='bbox 840 3449 906 3504; x_wconf 86' lang='lat' dir='ltr'>Alia</span> <span class='ocrx_word' id='word_1_330' title='bbox 925 3492 931 3504; x_wconf 93' lang='lat'>.</span> <span class='ocrx_word' id='word_1_331' title='bbox 948 3493 976 3506; x_wconf 92' lang='lat'>..</span> <span class='ocrx_word' id='word_1_332' title='bbox 997 3450 1109 3505; x_wconf 70' lang='lat' dir='ltr'>similia.</span> 
     </span>
     <span class='ocr_line' id='line_1_38' title="bbox 90 3519 1136 3595; baseline -0.009 -22"><span class='ocrx_word' id='word_1_333' title='bbox 90 3535 156 3573; x_wconf 91' lang='lat' dir='ltr'>nam</span> <span class='ocrx_word' id='word_1_334' title='bbox 174 3523 243 3592; x_wconf 72' lang='lat' dir='ltr'>oolp.</span> <span class='ocrx_word' id='word_1_335' title='bbox 261 3523 521 3593; x_wconf 59' lang='lat' dir='ltr'>intermortuam</span> <span class='ocrx_word' id='word_1_336' title='bbox 538 3539 608 3578; x_wconf 80' lang='lat' dir='ltr'>corr.</span> <span class='ocrx_word' id='word_1_337' title='bbox 628 3522 713 3578; x_wconf 72' lang='lat' dir='ltr'>Gerre</span> <span class='ocrx_word' id='word_1_338' title='bbox 739 3522 752 3595; x_wconf 75' lang='grc' dir='ltr'>Η</span> <span class='ocrx_word' id='word_1_339' title='bbox 769 3520 855 3574; x_wconf 69' lang='lat' dir='ltr'>cana</span> <span class='ocrx_word' id='word_1_340' title='bbox 874 3523 905 3575; x_wconf 83' lang='lat' dir='ltr'><strong><em>A</em></strong></span> <span class='ocrx_word' id='word_1_341' title='bbox 919 3521 1015 3586; x_wconf 53' lang='lat' dir='ltr'>nana</span> <span class='ocrx_word' id='word_1_342' title='bbox 1027 3519 1136 3567; x_wconf 65' lang='lat' dir='ltr'>monas</span> 
     </span>
    </p>
   </div>
   <div class='ocr_carea' id='block_1_4' title="bbox 91 3591 688 3669">
    <p class='ocr_par' dir='ltr' id='par_1_4' title="bbox 91 3591 688 3669">
     <span class='ocr_line' id='line_1_39' title="bbox 91 3591 688 3669; baseline 0.012 -25"><span class='ocrx_word' id='word_1_343' title='bbox 91 3591 149 3660; x_wconf 77' lang='lat' dir='ltr'>(cfr.</span> <span class='ocrx_word' id='word_1_344' title='bbox 162 3594 255 3661; x_wconf 70' lang='lat' dir='ltr'>praefi</span> <span class='ocrx_word' id='word_1_345' title='bbox 270 3594 321 3650; x_wconf 79' lang='lat' dir='ltr'>ool.</span> <span class='ocrx_word' id='word_1_346' title='bbox 337 3595 400 3665; x_wconf 74' lang='lat'>110.</span> <span class='ocrx_word' id='word_1_347' title='bbox 412 3595 487 3669; x_wconf 79' lang='lat' dir='ltr'>VH)</span> <span class='ocrx_word' id='word_1_348' title='bbox 505 3594 585 3652; x_wconf 79' lang='lat' dir='ltr'>inita</span> <span class='ocrx_word' id='word_1_349' title='bbox 599 3594 688 3653; x_wconf 77' lang='lat' dir='ltr'>Gertz</span> 
     </span>
    </p>
   </div>
   <div class='ocr_carea' id='block_1_5' title="bbox 0 0 1207 3840">
    <p class='ocr_par' dir='ltr' id='par_1_5' title="bbox 0 0 1207 3840">
     <span class='ocr_line' id='line_1_40' title="bbox 0 0 1207 3840; baseline 0 0"><span class='ocrx_word' id='word_1_350' title='bbox 0 0 1207 3840; x_wconf 95' lang='lat' dir='ltr'> </span> 
     </span>
    </p>
   </div>
  </div>
 </body>
</html>
