2400 3840
215 194 266 249 AD
285 193 456 250 MARCIAM
473 194 523 249 DE
542 193 819 250 CONSOLATIONE
838 195 964 251 OAP.1'1
1034 200 1098 267 175

81 339 294 426 gelidissimas
317 362 416 424 aquas
437 340 700 425 profundentem,
718 340 785 406 sive
802 341 875 407 illas
894 341 941 407 ibi
958 342 1099 426 primum

80 430 242 496 nascentis
264 430 402 513 invenit,
420 430 487 495 sive
505 430 667 513 inlapsum
686 430 780 496 terris
797 431 919 496 flumen
936 431 1098 518 integrum

80 519 192 586 subter
220 523 271 585 tot
301 519 401 584 maria
428 522 461 584 et
487 518 527 584 ab
556 519 745 585 oonfirsione
767 520 885 604 peioris
908 522 1012 586 undae
1036 544 1098 586 ser·

79 611 191 674 vatum
213 608 360 673 reddidit.
398 607 520 674 videbis
538 611 669 693 portum
689 608 925 692 quietissimum
945 610 1097 694 omnium,
1116 631 1133 678 4

49 718 62 760 s
81 719 162 781 quos
185 701 243 763 aut
264 701 379 763 natura
399 696 510 781 posuit
526 697 561 761 in
578 698 714 762 tutelam
733 697 884 763 classium
902 702 958 763 aut
976 699 1099 764 adiuvit

80 807 208 870 manus,
238 786 285 852 sio
313 788 434 869 tutum,
461 789 499 851 ut
525 808 566 852 ne
589 786 802 851 maximarum
826 787 955 871 quidem
978 792 1098 873 tempe-

81 875 214 940 statium
243 876 345 940 furori
373 876 465 941 loeus
492 875 543 941 sit.
589 874 712 941 videbis
734 875 792 941 ubi
814 874 1015 942 Athenarum
1042 898 1099 962 po·

80 964 182 1029 tentia
210 965 324 1049 frasta,
354 964 411 1030 ubi
438 968 489 1031 tot
511 964 602 1029 milia
624 964 826 1048 captivorum
848 965 904 1030 ille
927 965 1041 1031 excisis
1064 966 1099 1030 in

79 1053 241 1120 infinitam
272 1054 475 1119 altitudinem
508 1054 593 1120 saxis
622 1053 751 1120 nativus
781 1075 887 1120 career
916 1054 1098 1138 inoluserat,

35 1163 62 1203 ro
80 1142 183 1227 ipsam
212 1144 377 1229 ingentem
405 1143 569 1209 civitatem
597 1147 630 1209 et
650 1143 756 1209 laxius
779 1143 977 1209 territorium
1001 1165 1098 1228 quam

80 1232 256 1297 multarum
283 1232 413 1298 urbium
443 1233 524 1298 fines
554 1236 642 1316 sunt,
672 1232 874 1317 tepidissima
901 1232 1037 1298 hiberna
1066 1237 1099 1298 et

78 1322 206 1387 nullum
237 1321 322 1387 diem
355 1322 423 1387 eine
455 1321 639 1387 interventu
671 1322 756 1387 solis.
803 1323 858 1388 sed
887 1343 960 1388 oum
991 1321 1133 1388 omnies

78 1404 142 1476 ista
178 1411 382 1497 cognoveris,
417 1411 524 1496 gravis
558 1415 592 1476 et
622 1410 795 1477 insalubris
832 1415 936 1477 aestas
972 1410 1099 1476 hiberni

80 1499 160 1565 caeli
177 1500 333 1565 beneficia
351 1503 543 1583 corrumpet.
579 1500 640 1564 erit
652 1499 829 1584 Dionysius
847 1501 915 1566 illio
932 1504 1099 1585 tyrannus,

35 1605 62 1648 1s
78 1588 245 1673 libertatis,
264 1588 416 1671 iustitiae,
432 1590 542 1674 legum
557 1588 702 1672 exitium,
715 1589 944 1655 dominationis
963 1589 1098 1675 eupidus

80 1677 177 1742 etiam
200 1680 277 1761 post
299 1676 481 1760 Platonem,
507 1677 593 1743 vitae
621 1677 718 1743 etiam
741 1682 817 1762 post
840 1679 985 1744 exilium:
1017 1679 1098 1744 ahos

79 1769 165 1849 uret,
198 1765 277 1830 alios
309 1765 504 1849 verberabit,
536 1766 616 1831 alios
650 1766 690 1830 ob
722 1767 826 1831 levem
859 1768 1014 1832 offensam
1046 1767 1099 1831 de-

80 1854 223 1918 truncari
245 1853 382 1937 iubebit,
410 1858 551 1919 aooerset
572 1855 613 1918 ad
635 1853 801 1918 libidinem
825 1876 927 1920 mares
951 1855 1098 1919 feminas·

81 1965 143 2027 que
163 1946 196 2008 et
212 1943 298 2008 inter
314 1942 426 2008 foedos
444 1943 551 2028 regiae
569 1943 834 2027 intemperantiae
852 1964 965 2028 greges
984 1965 1098 2027 parum

35 2053 62 2094 so
81 2033 142 2097 erit
164 2032 262 2098 simul
283 2030 367 2097 binis
390 2031 484 2097 coire.
530 2032 648 2097 audisti
672 2031 749 2114 quid
772 2035 805 2097 te
827 2031 964 2097 invitare
986 2031 1097 2115 possit,

81 2122 158 2206 quid
188 2122 377 2187 absterrere:
414 2120 548 2205 proinde
577 2125 634 2186 aut
662 2121 780 2206 naviga
807 2124 863 2184 aut
889 2119 1022 2185 resiste?
1055 2156 1097 2166 -

79 2216 155 2296 post
185 2212 268 2276 hano
300 2210 576 2277 denuntiationem
604 2210 633 2275 si
663 2209 734 2294 quis
762 2209 895 2275 dixisset
921 2209 1041 2274 intrare
1064 2227 1133 2276 ees

80 2298 254 2385 Syracusas
277 2301 374 2384 velle,
401 2299 520 2366 satisne
542 2300 662 2365 iustam
685 2299 859 2384 querellam
882 2299 921 2364 de
944 2299 1011 2363 ullo
1034 2298 1098 2363 nisi

80 2389 119 2455 de
151 2411 185 2454 se
216 2390 334 2456 habere
365 2393 488 2475 posset,
521 2389 576 2474 qui
605 2411 672 2455 non
701 2388 866 2454 incidisset
887 2387 923 2452 in
944 2387 1015 2471 illa,
1041 2388 1097 2453 sed

35 2478 219 2561 inprudens
257 2479 424 2563 soiensque
461 2478 622 2544 venisset?
676 2475 782 2544 *dieit
819 2476 968 2542 omnibus
1004 2477 1098 2542 nobis

169 2599 188 2654 2
209 2599 352 2668 inlapsum
376 2599 458 2655 Gertz
485 2600 762 2670 (n.qa.11116,4)
787 2599 911 2668 inipsum
929 2600 957 2655 A
981 2598 991 2672 Η
1017 2598 1035 2653 8
1060 2599 1098 2653 ad

81 2668 243 2726 confusione
257 2672 286 2726 A
304 2687 372 2726 corr.
389 2670 484 2738 Gertz,
497 2671 544 2725 red
557 2671 608 2737 afr.
623 2687 692 2739 qaae
706 2672 799 2726 Haase
812 2671 957 2726 adnotavit
969 2671 1008 2725 ad
1020 2672 1097 2739 epist.

75 2759 106 2812 p.
121 2746 240 2808 306,11.
268 2743 330 2798 vida
348 2748 374 2797 et
390 2742 458 2797 dial.
473 2743 578 2809 11134,
591 2741 644 2868 Ἧι
670 2741 688 2795 4
705 2742 800 2797 reddit
818 2755 835 2796 ς
861 2741 871 2815 Η
897 2741 915 2795 5
932 2741 1024 2796 tutela
1042 2742 1070 2796 A
1087 2741 1098 2813 ll

79 2813 212 2868 dmunus
226 2814 255 2868 A
267 2812 277 2885 ll
295 2813 312 2868 8
325 2811 376 2867 ubi
389 2813 469 2868 uaris
483 2813 598 2869 inclusit
639 2818 694 2868 arta
707 2812 717 2886 ll
730 2814 748 2868 9
762 2814 837 2867 saxis
850 2830 871 2868 e.
882 2829 906 2868 o.
916 2813 981 2868 add.
991 2813 1074 2882 A⁸(?)
1091 2812 1095 2884 Ι

80 2885 192 2939 nativus
205 2885 322 2955 Iapetus
339 2883 471 2938 nouliuus
484 2884 513 2938 A
531 2883 579 2938 ille
598 2884 707 2938 excisus
727 2927 732 2938 .
749 2926 777 2939 ..
797 2884 872 2938 saxis
888 2885 1000 2938 nativus
1017 2883 1098 2939 Gertz

80 2958 172 3026 (1889)
195 2955 244 3011 ille
268 2955 376 3011 excisus
396 2996 446 3011 ...
466 2954 602 3010 nativitus
623 2956 706 3010 Ellis.
731 2956 826 3011 malim
847 2955 897 3010 ille
916 2955 1025 3010 excisus
1045 2995 1096 3009 ...

80 3027 155 3082 saxis
169 3028 274 3082 nativis
290 3026 300 3100 Η
318 3026 354 3081 10
372 3026 544 3081 territorium
559 3039 576 3081 ς
593 3027 708 3081 torritor
721 3029 750 3083 A
767 3027 899 3081 turritam
914 3039 931 3080 ς
948 3026 958 3099 tt
975 3025 1010 3079 11
1025 3025 1097 3093 tepi-

80 3099 197 3154 dissima
210 3101 368 3154 Piooiasus
385 3097 561 3166 lepidissima
580 3099 609 3153 A
631 3096 642 3170 t
666 3096 1014 3166 recompensasse
1038 3111 1096 3149 oor·

79 3170 186 3239 rumpit
201 3171 229 3226 A
246 3169 257 3243 t
280 3171 314 3226 1?
332 3168 495 3224 uerberabit
509 3181 526 3223 s
542 3168 705 3224 uerberauit
722 3170 751 3224 A
772 3168 782 3242 Η
803 3169 839 3223 19
857 3167 978 3240 regist&
996 3166 1097 3220 intem-

79 3242 208 3314 perantis
222 3242 264 3297 A¹
277 3258 345 3297 corr.
360 3240 404 3297 A’
420 3240 423 3312 l
438 3257 537 3312 greges
551 3243 583 3296 ll'
597 3256 677 3312 reges
690 3242 719 3296 A
736 3240 747 3314 t
764 3240 801 3294 24
812 3241 909 3308 posset
922 3251 939 3292 ς
952 3237 1094 3310 possitAl

79 3313 226 3368 incidisset
243 3315 274 3368 F
293 3313 382 3367 incidi
403 3313 431 3367 A
455 3312 465 3385 Η
489 3312 525 3366 25
545 3313 639 3368 rerba:
657 3312 728 3366 dioit
746 3310 876 3366 omnibus
894 3309 975 3364 nobis
994 3310 1097 3363 natura

81 3425 176 3441 .....
195 3383 285 3438 nichil
302 3385 373 3439 certi
391 3384 602 3452 spoponderunt
619 3384 691 3438 male
707 3386 761 3438 tao
778 3385 810 3439 ia
823 3383 851 3438 A
869 3388 895 3436 et
912 3382 1005 3436 aetate
1018 3381 1096 3436 codd.

79 3456 219 3510 incalcata
237 3471 293 3511 esre
309 3456 381 3510 vidit
395 3456 514 3525 Madvig
532 3456 752 3524 baaspoaaitqae
764 3456 796 3509 ia
810 3470 831 3509 o.
848 3458 921 3519 17,1
936 3459 1001 3522 poet
1015 3452 1098 3509 serta

80 3526 130 3580 sed
147 3525 301 3580 humanum
320 3528 364 3581 est
381 3567 390 3593 ,
408 3527 440 3580 ia
458 3542 479 3580 a.
496 3531 531 3581 16
546 3532 609 3596 poet
628 3526 647 3599 ἕ
661 3531 680 3581 4
701 3526 822 3596 Mdhtp3
837 3525 959 3588 assa,
970 3529 1062 3589 pato,
1076 3521 1120 3570 ab.

79 3597 232 3652 clausulam
249 3613 270 3653 a.
284 3601 322 3653 18
332 3602 400 3668 post
416 3598 501 3656 verba
518 3598 649 3656 inbono
666 3615 723 3656 nos
741 3595 931 3654 sustulerunt
947 3591 1039 3646 (tota
