<?xml version="1.0" encoding="UTF-8"?>
<!DOCTYPE html PUBLIC "-//W3C//DTD XHTML 1.0 Transitional//EN"
    "http://www.w3.org/TR/xhtml1/DTD/xhtml1-transitional.dtd">
<html xmlns="http://www.w3.org/1999/xhtml" xml:lang="en" lang="en">
 <head>
  <title>
</title>
<meta http-equiv="Content-Type" content="text/html;charset=utf-8" />
  <meta name='ocr-system' content='tesseract 3.04.00' />
  <meta name='ocr-capabilities' content='ocr_page ocr_carea ocr_par ocr_line ocrx_word'/>
</head>
<body>
  <div class='ocr_page' id='page_1' title='image "./dialogorumlibro00senegoog_0013.png"; bbox 0 0 2400 3840; ppageno 0'>
   <div class='ocr_carea' id='block_1_1' title="bbox 96 181 706 237">
    <p class='ocr_par' dir='ltr' id='par_1_1' title="bbox 96 181 706 237">
     <span class='ocr_line' id='line_1_1' title="bbox 96 181 706 237; baseline 0 -1"><span class='ocrx_word' id='word_1_1' title='bbox 96 181 162 236; x_wconf 77' lang='lat' dir='ltr'><strong>viil</strong></span> <span class='ocrx_word' id='word_1_2' title='bbox 500 182 706 237; x_wconf 78' lang='lat' dir='ltr'><strong>PRAEFATIO</strong></span> 
     </span>
    </p>
   </div>
   <div class='ocr_carea' id='block_1_2' title="bbox 34 334 1148 3624">
    <p class='ocr_par' dir='ltr' id='par_1_2' title="bbox 34 334 1148 3624">
     <span class='ocr_line' id='line_1_2' title="bbox 96 334 1115 411; baseline 0.001 -17"><span class='ocrx_word' id='word_1_3' title='bbox 96 337 228 411; x_wconf 90' lang='lat' dir='ltr'><strong>meliore,</strong></span> <span class='ocrx_word' id='word_1_4' title='bbox 251 335 320 394; x_wconf 88' lang='lat' dir='ltr'><strong>utili</strong></span> <span class='ocrx_word' id='word_1_5' title='bbox 343 351 411 392; x_wconf 88' lang='lat' dir='ltr'><strong>oum</strong></span> <span class='ocrx_word' id='word_1_6' title='bbox 433 352 505 392; x_wconf 89' lang='lat' dir='ltr'><strong>cura</strong></span> <span class='ocrx_word' id='word_1_7' title='bbox 526 335 711 394; x_wconf 86' lang='lat' dir='ltr'><strong>retractavit.</strong></span> <span class='ocrx_word' id='word_1_8' title='bbox 757 338 787 393; x_wconf 89' lang='grc'><strong>01</strong></span> <span class='ocrx_word' id='word_1_9' title='bbox 813 336 849 394; x_wconf 88' lang='grc'><strong>01</strong></span> <span class='ocrx_word' id='word_1_10' title='bbox 875 334 1014 394; x_wconf 90' lang='lat' dir='ltr'><strong>omittam</strong></span> <span class='ocrx_word' id='word_1_11' title='bbox 1037 355 1115 411; x_wconf 90' lang='lat' dir='ltr'><strong>quae</strong></span> 
     </span>
     <span class='ocr_line' id='line_1_3' title="bbox 97 422 1115 502; baseline -0.001 -18"><span class='ocrx_word' id='word_1_12' title='bbox 97 426 129 484; x_wconf 90' lang='lat' dir='ltr'><strong>iu</strong></span> <span class='ocrx_word' id='word_1_13' title='bbox 152 422 367 502; x_wconf 73' lang='lat' dir='ltr'>orthographia</span> <span class='ocrx_word' id='word_1_14' title='bbox 388 423 528 497; x_wconf 84' lang='lat' dir='ltr'><strong>mutavit,</strong></span> <span class='ocrx_word' id='word_1_15' title='bbox 551 424 715 482; x_wconf 82' lang='lat' dir='ltr'><strong>innumeris</strong></span> <span class='ocrx_word' id='word_1_16' title='bbox 738 422 812 482; x_wconf 90' lang='lat' dir='ltr'><strong>locis</strong></span> <span class='ocrx_word' id='word_1_17' title='bbox 835 423 952 484; x_wconf 76' lang='lat' dir='ltr'><strong>litteras</strong></span> <span class='ocrx_word' id='word_1_18' title='bbox 976 443 994 482; x_wconf 90' lang='lat' dir='ltr'><strong>a</strong></span> <span class='ocrx_word' id='word_1_19' title='bbox 1016 424 1115 502; x_wconf 88' lang='lat' dir='ltr'><strong>prima</strong></span> 
     </span>
     <span class='ocr_line' id='line_1_4' title="bbox 97 512 1117 590; baseline 0 -17"><span class='ocrx_word' id='word_1_20' title='bbox 97 533 188 573; x_wconf 89' lang='lat' dir='ltr'><strong>manu</strong></span> <span class='ocrx_word' id='word_1_21' title='bbox 223 514 302 573; x_wconf 87' lang='lat' dir='ltr'><strong>male</strong></span> <span class='ocrx_word' id='word_1_22' title='bbox 338 513 416 571; x_wconf 90' lang='lat' dir='ltr'><strong>inter</strong></span> <span class='ocrx_word' id='word_1_23' title='bbox 451 512 542 571; x_wconf 86' lang='lat' dir='ltr'><strong>verba</strong></span> <span class='ocrx_word' id='word_1_24' title='bbox 579 512 756 572; x_wconf 80' lang='lat' dir='ltr'><strong>distributas</strong></span> <span class='ocrx_word' id='word_1_25' title='bbox 792 515 872 572; x_wconf 89' lang='lat' dir='ltr'><strong>recte</strong></span> <span class='ocrx_word' id='word_1_26' title='bbox 909 512 1026 590; x_wconf 87' lang='lat' dir='ltr'><strong>divisit,</strong></span> <span class='ocrx_word' id='word_1_27' title='bbox 1061 532 1117 590; x_wconf 86' lang='lat' dir='ltr'><strong>per</strong></span> 
     </span>
     <span class='ocr_line' id='line_1_5' title="bbox 97 600 1115 679; baseline 0.001 -18"><span class='ocrx_word' id='word_1_28' title='bbox 97 621 227 662; x_wconf 86' lang='lat' dir='ltr'><strong>errorem</strong></span> <span class='ocrx_word' id='word_1_29' title='bbox 253 601 383 679; x_wconf 89' lang='lat' dir='ltr'><strong>repetita</strong></span> <span class='ocrx_word' id='word_1_30' title='bbox 410 600 532 676; x_wconf 80' lang='lat' dir='ltr'><strong>delevit,</strong></span> <span class='ocrx_word' id='word_1_31' title='bbox 560 602 671 661; x_wconf 90' lang='lat' dir='ltr'><strong>omissa</strong></span> <span class='ocrx_word' id='word_1_32' title='bbox 698 601 863 678; x_wconf 86' lang='lat' dir='ltr'><strong>supplevit,</strong></span> <span class='ocrx_word' id='word_1_33' title='bbox 890 602 1115 679; x_wconf 55' lang='grc' dir='ltr'>1111001001Ηο-</span> 
     </span>
     <span class='ocr_line' id='line_1_6' title="bbox 96 689 1116 768; baseline 0.001 -18"><span class='ocrx_word' id='word_1_34' title='bbox 96 692 202 768; x_wconf 81' lang='lat' dir='ltr'><strong>bisque</strong></span> <span class='ocrx_word' id='word_1_35' title='bbox 224 710 317 768; x_wconf 85' lang='lat' dir='ltr'><strong>prave</strong></span> <span class='ocrx_word' id='word_1_36' title='bbox 340 689 458 766; x_wconf 89' lang='lat' dir='ltr'><strong>scriptis</strong></span> <span class='ocrx_word' id='word_1_37' title='bbox 480 692 576 749; x_wconf 86' lang='lat' dir='ltr'><strong>rectas</strong></span> <span class='ocrx_word' id='word_1_38' title='bbox 599 691 816 767; x_wconf 86' lang='lat' dir='ltr'><strong>superscripsit.</strong></span> <span class='ocrx_word' id='word_1_39' title='bbox 858 690 910 750; x_wconf 90' lang='lat' dir='ltr'><strong>sed</strong></span> <span class='ocrx_word' id='word_1_40' title='bbox 931 697 1116 768; x_wconf 84' lang='lat' dir='ltr'><strong>quamquain</strong></span> 
     </span>
     <span class='ocr_line' id='line_1_7' title="bbox 96 778 1115 859; baseline 0 -19"><span class='ocrx_word' id='word_1_41' title='bbox 96 781 122 840; x_wconf 90' lang='lat' dir='ltr'><strong>is</strong></span> <span class='ocrx_word' id='word_1_42' title='bbox 151 781 211 840; x_wconf 91' lang='lat' dir='ltr'><strong>alio</strong></span> <span class='ocrx_word' id='word_1_43' title='bbox 239 800 346 859; x_wconf 87' lang='lat' dir='ltr'><strong>genere</strong></span> <span class='ocrx_word' id='word_1_44' title='bbox 375 780 559 854; x_wconf 87' lang='lat' dir='ltr'><strong>litterarum,</strong></span> <span class='ocrx_word' id='word_1_45' title='bbox 587 798 648 838; x_wconf 94' lang='grc'><strong>000</strong></span> <span class='ocrx_word' id='word_1_46' title='bbox 675 778 902 858; x_wconf 86' lang='lat' dir='ltr'><strong>Langobardico</strong></span> <span class='ocrx_word' id='word_1_47' title='bbox 930 781 983 838; x_wconf 93' lang='lat' dir='ltr'><strong>illo</strong></span> <span class='ocrx_word' id='word_1_48' title='bbox 1006 782 1115 857; x_wconf 87' lang='lat' dir='ltr'><strong>utitur,</strong></span> 
     </span>
     <span class='ocr_line' id='line_1_8' title="bbox 96 868 1116 946; baseline -0.001 -16"><span class='ocrx_word' id='word_1_49' title='bbox 96 873 198 930; x_wconf 90' lang='lat' dir='ltr'><strong>tamen</strong></span> <span class='ocrx_word' id='word_1_50' title='bbox 229 869 311 929; x_wconf 91' lang='lat' dir='ltr'><strong>haud</strong></span> <span class='ocrx_word' id='word_1_51' title='bbox 342 869 446 946; x_wconf 89' lang='lat' dir='ltr'><strong>paucis</strong></span> <span class='ocrx_word' id='word_1_52' title='bbox 478 868 552 928; x_wconf 90' lang='lat' dir='ltr'><strong>locis</strong></span> <span class='ocrx_word' id='word_1_53' title='bbox 584 871 664 928; x_wconf 88' lang='lat' dir='ltr'><strong>certo</strong></span> <span class='ocrx_word' id='word_1_54' title='bbox 698 869 757 928; x_wconf 88' lang='lat' dir='ltr'><strong>dici</strong></span> <span class='ocrx_word' id='word_1_55' title='bbox 787 887 847 928; x_wconf 92' lang='lat' dir='ltr'><strong>non</strong></span> <span class='ocrx_word' id='word_1_56' title='bbox 879 887 980 946; x_wconf 88' lang='lat' dir='ltr'><strong>posse,</strong></span> <span class='ocrx_word' id='word_1_57' title='bbox 1013 873 1116 929; x_wconf 88' lang='lat' dir='ltr'><strong>utrum</strong></span> 
     </span>
     <span class='ocr_line' id='line_1_9' title="bbox 96 957 1148 1036; baseline 0 -18"><span class='ocrx_word' id='word_1_58' title='bbox 96 959 195 1035; x_wconf 90' lang='lat' dir='ltr'><strong>prima</strong></span> <span class='ocrx_word' id='word_1_59' title='bbox 217 979 256 1019; x_wconf 92' lang='lat' dir='ltr'><strong>an</strong></span> <span class='ocrx_word' id='word_1_60' title='bbox 278 957 408 1018; x_wconf 87' lang='lat' dir='ltr'><strong>secunda</strong></span> <span class='ocrx_word' id='word_1_61' title='bbox 430 976 537 1016; x_wconf 87' lang='lat' dir='ltr'><strong>manus</strong></span> <span class='ocrx_word' id='word_1_62' title='bbox 560 958 749 1036; x_wconf 89' lang='lat' dir='ltr'><strong>agnoscenda</strong></span> <span class='ocrx_word' id='word_1_63' title='bbox 772 959 824 1033; x_wconf 91' lang='lat' dir='ltr'><strong>sit,</strong></span> <span class='ocrx_word' id='word_1_64' title='bbox 849 957 937 1017; x_wconf 81' lang='lat' dir='ltr'><strong>Gertz</strong></span> <span class='ocrx_word' id='word_1_65' title='bbox 958 958 1024 1034; x_wconf 87' lang='lat' dir='ltr'><strong>ipse</strong></span> <span class='ocrx_word' id='word_1_66' title='bbox 1045 979 1115 1018; x_wconf 90' lang='lat' dir='ltr'><strong>con·</strong></span> <span class='ocrx_word' id='word_1_67' title='bbox 1146 980 1148 985; x_wconf 93' lang='lat'>·</span> 
     </span>
     <span class='ocr_line' id='line_1_10' title="bbox 95 1040 1115 1124; baseline 0.001 -18"><span class='ocrx_word' id='word_1_68' title='bbox 95 1049 205 1108; x_wconf 90' lang='lat' dir='ltr'><strong>fitetur.</strong></span> <span class='ocrx_word' id='word_1_69' title='bbox 255 1047 377 1108; x_wconf 89' lang='lat' dir='ltr'><strong>maioris</strong></span> <span class='ocrx_word' id='word_1_70' title='bbox 407 1066 478 1106; x_wconf 83' lang='lat' dir='ltr'><strong>vero</strong></span> <span class='ocrx_word' id='word_1_71' title='bbox 507 1048 653 1106; x_wconf 88' lang='lat' dir='ltr'><strong>momenti</strong></span> <span class='ocrx_word' id='word_1_72' title='bbox 678 1050 728 1106; x_wconf 86' lang='lat' dir='ltr'><strong>est</strong></span> <span class='ocrx_word' id='word_1_73' title='bbox 757 1046 837 1123; x_wconf 91' lang='lat' dir='ltr'><strong>quod</strong></span> <span class='ocrx_word' id='word_1_74' title='bbox 860 1040 904 1105; x_wconf 61' lang='grc' dir='ltr'><strong>Α1</strong></span> <span class='ocrx_word' id='word_1_75' title='bbox 933 1067 987 1124; x_wconf 88' lang='lat' dir='ltr'><strong>per</strong></span> <span class='ocrx_word' id='word_1_76' title='bbox 1015 1049 1115 1108; x_wconf 89' lang='lat' dir='ltr'><strong>totum</strong></span> 
     </span>
     <span class='ocr_line' id='line_1_11' title="bbox 96 1136 1116 1213; baseline 0.001 -17"><span class='ocrx_word' id='word_1_77' title='bbox 96 1137 228 1197; x_wconf 80' lang='lat' dir='ltr'><strong>codicem</strong></span> <span class='ocrx_word' id='word_1_78' title='bbox 254 1156 341 1197; x_wconf 84' lang='lat' dir='ltr'><strong>voces</strong></span> <span class='ocrx_word' id='word_1_79' title='bbox 369 1136 503 1213; x_wconf 86' lang='lat' dir='ltr'><strong>singulas</strong></span> <span class='ocrx_word' id='word_1_80' title='bbox 528 1139 558 1196; x_wconf 92' lang='grc'><strong>01</strong></span> <span class='ocrx_word' id='word_1_81' title='bbox 579 1136 738 1196; x_wconf 84' lang='lat' dir='ltr'><strong>verborum</strong></span> <span class='ocrx_word' id='word_1_82' title='bbox 761 1136 850 1195; x_wconf 85' lang='lat' dir='ltr'><strong>series</strong></span> <span class='ocrx_word' id='word_1_83' title='bbox 867 1147 973 1213; x_wconf 90' lang='lat' dir='ltr'><strong>supra</strong></span> <span class='ocrx_word' id='word_1_84' title='bbox 995 1156 1116 1197; x_wconf 86' lang='lat' dir='ltr'><strong>versum</strong></span> 
     </span>
     <span class='ocr_line' id='line_1_12' title="bbox 96 1225 1115 1306; baseline -0.001 -20"><span class='ocrx_word' id='word_1_85' title='bbox 96 1227 273 1304; x_wconf 82' lang='lat' dir='ltr'><strong>saepiusque</strong></span> <span class='ocrx_word' id='word_1_86' title='bbox 299 1227 332 1284; x_wconf 92' lang='lat' dir='ltr'><strong>in</strong></span> <span class='ocrx_word' id='word_1_87' title='bbox 358 1225 494 1304; x_wconf 79' lang='lat' dir='ltr'><strong>margine</strong></span> <span class='ocrx_word' id='word_1_88' title='bbox 521 1226 566 1284; x_wconf 90' lang='lat' dir='ltr'><strong>ita</strong></span> <span class='ocrx_word' id='word_1_89' title='bbox 593 1226 757 1301; x_wconf 88' lang='lat' dir='ltr'><strong>supplevit,</strong></span> <span class='ocrx_word' id='word_1_90' title='bbox 784 1227 821 1284; x_wconf 93' lang='lat' dir='ltr'><strong>ut</strong></span> <span class='ocrx_word' id='word_1_91' title='bbox 846 1228 959 1306; x_wconf 83' lang='lat' dir='ltr'><strong>puncto</strong></span> <span class='ocrx_word' id='word_1_92' title='bbox 987 1227 1020 1284; x_wconf 91' lang='lat' dir='ltr'><strong>in</strong></span> <span class='ocrx_word' id='word_1_93' title='bbox 1047 1226 1115 1302; x_wconf 90' lang='lat' dir='ltr'><strong>ipso</strong></span> 
     </span>
     <span class='ocr_line' id='line_1_13' title="bbox 95 1314 1115 1392; baseline -0.001 -17"><span class='ocrx_word' id='word_1_94' title='bbox 95 1335 184 1375; x_wconf 86' lang='lat' dir='ltr'><strong>versu</strong></span> <span class='ocrx_word' id='word_1_95' title='bbox 207 1315 398 1392; x_wconf 87' lang='lat' dir='ltr'><strong>significaret,</strong></span> <span class='ocrx_word' id='word_1_96' title='bbox 421 1333 482 1390; x_wconf 92' lang='lat' dir='ltr'><strong>quo</strong></span> <span class='ocrx_word' id='word_1_97' title='bbox 500 1315 565 1374; x_wconf 92' lang='lat' dir='ltr'><strong>loco</strong></span> <span class='ocrx_word' id='word_1_98' title='bbox 588 1314 762 1374; x_wconf 77' lang='lat' dir='ltr'><strong>inserendae</strong></span> <span class='ocrx_word' id='word_1_99' title='bbox 785 1317 892 1375; x_wconf 91' lang='lat' dir='ltr'><strong>essent.</strong></span> <span class='ocrx_word' id='word_1_100' title='bbox 933 1316 1007 1375; x_wconf 87' lang='lat' dir='ltr'><strong>haec</strong></span> <span class='ocrx_word' id='word_1_101' title='bbox 1030 1315 1115 1374; x_wconf 91' lang='lat' dir='ltr'><strong>addi-</strong></span> 
     </span>
     <span class='ocr_line' id='line_1_14' title="bbox 94 1403 1116 1482; baseline 0.001 -19"><span class='ocrx_word' id='word_1_102' title='bbox 94 1407 230 1463; x_wconf 86' lang='lat' dir='ltr'><strong>tamenta</strong></span> <span class='ocrx_word' id='word_1_103' title='bbox 254 1404 327 1480; x_wconf 92' lang='lat' dir='ltr'><strong>quin</strong></span> <span class='ocrx_word' id='word_1_104' title='bbox 350 1422 403 1464; x_wconf 94' lang='lat' dir='ltr'><strong>suo</strong></span> <span class='ocrx_word' id='word_1_105' title='bbox 425 1404 491 1462; x_wconf 88' lang='lat' dir='ltr'><strong>iure</strong></span> <span class='ocrx_word' id='word_1_106' title='bbox 513 1406 550 1463; x_wconf 93' lang='lat' dir='ltr'><strong>ut</strong></span> <span class='ocrx_word' id='word_1_107' title='bbox 572 1405 702 1482; x_wconf 89' lang='lat' dir='ltr'><strong>genuina</strong></span> <span class='ocrx_word' id='word_1_108' title='bbox 726 1403 813 1463; x_wconf 78' lang='lat' dir='ltr'><strong>Gertz</strong></span> <span class='ocrx_word' id='word_1_109' title='bbox 836 1437 881 1446; x_wconf 90' lang='lat'>—</span> <span class='ocrx_word' id='word_1_110' title='bbox 901 1403 993 1464; x_wconf 93' lang='lat' dir='ltr'><strong>habes</strong></span> <span class='ocrx_word' id='word_1_111' title='bbox 1013 1407 1116 1464; x_wconf 89' lang='lat' dir='ltr'><strong>omnia</strong></span> 
     </span>
     <span class='ocr_line' id='line_1_15' title="bbox 95 1492 1116 1569; baseline 0.001 -18"><span class='ocrx_word' id='word_1_112' title='bbox 95 1495 153 1552; x_wconf 90' lang='lat' dir='ltr'><strong>huo</strong></span> <span class='ocrx_word' id='word_1_113' title='bbox 175 1493 343 1569; x_wconf 79' lang='lat' dir='ltr'><strong>spectantia</strong></span> <span class='ocrx_word' id='word_1_114' title='bbox 366 1493 447 1569; x_wconf 90' lang='lat' dir='ltr'><strong>apud</strong></span> <span class='ocrx_word' id='word_1_115' title='bbox 474 1512 543 1551; x_wconf 91' lang='lat' dir='ltr'><strong>eum</strong></span> <span class='ocrx_word' id='word_1_116' title='bbox 568 1494 601 1551; x_wconf 92' lang='lat' dir='ltr'><strong>in</strong></span> <span class='ocrx_word' id='word_1_117' title='bbox 623 1493 717 1569; x_wconf 89' lang='lat' dir='ltr'><strong>praef.</strong></span> <span class='ocrx_word' id='word_1_118' title='bbox 740 1514 769 1569; x_wconf 91' lang='lat' dir='ltr'><strong>p.</strong></span> <span class='ocrx_word' id='word_1_119' title='bbox 784 1492 844 1552; x_wconf 81' lang='lat' dir='ltr'><strong>XII</strong></span> <span class='ocrx_word' id='word_1_120' title='bbox 866 1493 991 1553; x_wconf 86' lang='lat' dir='ltr'><strong>collecta</strong></span> <span class='ocrx_word' id='word_1_121' title='bbox 1015 1525 1058 1535; x_wconf 89' lang='lat'>—</span> <span class='ocrx_word' id='word_1_122' title='bbox 1080 1495 1116 1552; x_wconf 92' lang='lat' dir='ltr'><strong>in</strong></span> 
     </span>
     <span class='ocr_line' id='line_1_16' title="bbox 95 1581 1115 1659; baseline 0 -17"><span class='ocrx_word' id='word_1_123' title='bbox 95 1584 213 1642; x_wconf 86' lang='lat' dir='ltr'><strong>textum</strong></span> <span class='ocrx_word' id='word_1_124' title='bbox 234 1582 388 1659; x_wconf 87' lang='lat' dir='ltr'><strong>receperit,</strong></span> <span class='ocrx_word' id='word_1_125' title='bbox 412 1582 551 1657; x_wconf 86' lang='lat' dir='ltr'><strong>equidem</strong></span> <span class='ocrx_word' id='word_1_126' title='bbox 569 1601 628 1640; x_wconf 91' lang='lat' dir='ltr'><strong>non</strong></span> <span class='ocrx_word' id='word_1_127' title='bbox 647 1581 760 1641; x_wconf 90' lang='lat' dir='ltr'><strong>dubito.</strong></span> <span class='ocrx_word' id='word_1_128' title='bbox 798 1583 904 1658; x_wconf 84' lang='lat' dir='ltr'><strong>paucis</strong></span> <span class='ocrx_word' id='word_1_129' title='bbox 922 1581 1011 1641; x_wconf 93' lang='lat' dir='ltr'><strong>modo</strong></span> <span class='ocrx_word' id='word_1_130' title='bbox 1030 1583 1115 1659; x_wconf 88' lang='lat' dir='ltr'><strong>locis,</strong></span> 
     </span>
     <span class='ocr_line' id='line_1_17' title="bbox 96 1670 1115 1748; baseline 0.002 -18"><span class='ocrx_word' id='word_1_131' title='bbox 96 1671 203 1748; x_wconf 90' lang='lat' dir='ltr'><strong>quibus</strong></span> <span class='ocrx_word' id='word_1_132' title='bbox 236 1691 272 1731; x_wconf 90' lang='grc'><strong>00</strong></span> <span class='ocrx_word' id='word_1_133' title='bbox 303 1671 336 1730; x_wconf 91' lang='lat' dir='ltr'><strong>id</strong></span> <span class='ocrx_word' id='word_1_134' title='bbox 368 1670 491 1748; x_wconf 89' lang='lat' dir='ltr'><strong>quidem</strong></span> <span class='ocrx_word' id='word_1_135' title='bbox 524 1673 654 1744; x_wconf 87' lang='grc'>0000101,</span> <span class='ocrx_word' id='word_1_136' title='bbox 687 1672 789 1729; x_wconf 89' lang='lat' dir='ltr'><strong>utrum</strong></span> <span class='ocrx_word' id='word_1_137' title='bbox 821 1671 893 1731; x_wconf 90' lang='lat' dir='ltr'><strong>haec</strong></span> <span class='ocrx_word' id='word_1_138' title='bbox 928 1689 1036 1730; x_wconf 89' lang='lat' dir='ltr'><strong>manus</strong></span> <span class='ocrx_word' id='word_1_139' title='bbox 1074 1691 1115 1732; x_wconf 92' lang='lat' dir='ltr'><strong>an</strong></span> 
     </span>
     <span class='ocr_line' id='line_1_18' title="bbox 94 1758 1115 1835; baseline 0.001 -15"><span class='ocrx_word' id='word_1_140' title='bbox 94 1764 241 1820; x_wconf 85' lang='lat' dir='ltr'><strong>recentior</strong></span> <span class='ocrx_word' id='word_1_141' title='bbox 273 1760 510 1820; x_wconf 90' lang='lat' dir='ltr'><strong>coniunctionem</strong></span> <span class='ocrx_word' id='word_1_142' title='bbox 542 1764 568 1818; x_wconf 85' lang='lat' dir='ltr'><strong>et</strong></span> <span class='ocrx_word' id='word_1_143' title='bbox 599 1758 761 1835; x_wconf 86' lang='lat' dir='ltr'><strong>addiderit,</strong></span> <span class='ocrx_word' id='word_1_144' title='bbox 797 1761 886 1820; x_wconf 87' lang='lat' dir='ltr'><strong>aliter</strong></span> <span class='ocrx_word' id='word_1_145' title='bbox 918 1760 1115 1821; x_wconf 89' lang='lat' dir='ltr'><strong>iudicandum</strong></span> 
     </span>
     <span class='ocr_line' id='line_1_19' title="bbox 94 1839 1139 1931; baseline 0.002 -23"><span class='ocrx_word' id='word_1_146' title='bbox 94 1852 203 1927; x_wconf 86' lang='lat' dir='ltr'><strong>putavi</strong></span> <span class='ocrx_word' id='word_1_147' title='bbox 235 1842 277 1931; x_wconf 85' lang='lat' dir='ltr'><strong>(p.</strong></span> <span class='ocrx_word' id='word_1_148' title='bbox 297 1851 428 1925; x_wconf 85' lang='lat'>301,15</span> <span class='ocrx_word' id='word_1_149' title='bbox 458 1851 567 1925; x_wconf 89' lang='grc'>0116,</span> <span class='ocrx_word' id='word_1_150' title='bbox 598 1839 753 1930; x_wconf 86' lang='grc'>179,18).</span> <span class='ocrx_word' id='word_1_151' title='bbox 807 1851 938 1908; x_wconf 87' lang='lat' dir='ltr'><strong>ceterum</strong></span> <span class='ocrx_word' id='word_1_152' title='bbox 969 1849 1018 1908; x_wconf 91' lang='lat' dir='ltr'><strong>hio</strong></span> <span class='ocrx_word' id='word_1_153' title='bbox 1050 1869 1139 1910; x_wconf 56' lang='lat' dir='ltr'><strong>cor-¹</strong></span> 
     </span>
     <span class='ocr_line' id='line_1_20' title="bbox 93 1937 1115 2016; baseline 0.001 -18"><span class='ocrx_word' id='word_1_154' title='bbox 93 1941 200 2015; x_wconf 89' lang='lat' dir='ltr'><strong>rector,</strong></span> <span class='ocrx_word' id='word_1_155' title='bbox 224 1959 292 1998; x_wconf 87' lang='lat' dir='ltr'><strong>cum</strong></span> <span class='ocrx_word' id='word_1_156' title='bbox 313 1939 421 1998; x_wconf 85' lang='lat' dir='ltr'><strong>utilem</strong></span> <span class='ocrx_word' id='word_1_157' title='bbox 443 1956 565 2014; x_wconf 88' lang='lat' dir='ltr'><strong>operam</strong></span> <span class='ocrx_word' id='word_1_158' title='bbox 588 1937 682 1998; x_wconf 88' lang='lat' dir='ltr'><strong>codici</strong></span> <span class='ocrx_word' id='word_1_159' title='bbox 706 1939 845 2014; x_wconf 82' lang='lat' dir='ltr'><strong>navaret,</strong></span> <span class='ocrx_word' id='word_1_160' title='bbox 868 1939 990 2016; x_wconf 87' lang='lat' dir='ltr'><strong>proprio</strong></span> <span class='ocrx_word' id='word_1_161' title='bbox 1010 1940 1115 1999; x_wconf 86' lang='lat' dir='ltr'><strong>tamen</strong></span> 
     </span>
     <span class='ocr_line' id='line_1_21' title="bbox 94 2022 1115 2110; baseline 0.002 -24"><span class='ocrx_word' id='word_1_162' title='bbox 94 2029 191 2088; x_wconf 86' lang='lat' dir='ltr'><strong>Marte</strong></span> <span class='ocrx_word' id='word_1_163' title='bbox 205 2047 343 2088; x_wconf 88' lang='lat' dir='ltr'><strong>successu</strong></span> <span class='ocrx_word' id='word_1_164' title='bbox 356 2029 431 2087; x_wconf 89' lang='lat' dir='ltr'><strong>satis</strong></span> <span class='ocrx_word' id='word_1_165' title='bbox 444 2027 558 2086; x_wconf 87' lang='lat' dir='ltr'><strong>infelici</strong></span> <span class='ocrx_word' id='word_1_166' title='bbox 568 2027 715 2104; x_wconf 88' lang='lat' dir='ltr'><strong>quaedam</strong></span> <span class='ocrx_word' id='word_1_167' title='bbox 724 2029 855 2087; x_wconf 87' lang='lat' dir='ltr'><strong>mutavit</strong></span> <span class='ocrx_word' id='word_1_168' title='bbox 864 2022 931 2110; x_wconf 83' lang='lat' dir='ltr'><strong>(cfr.</strong></span> <span class='ocrx_word' id='word_1_169' title='bbox 939 2049 968 2104; x_wconf 91' lang='lat' dir='ltr'><strong>p.</strong></span> <span class='ocrx_word' id='word_1_170' title='bbox 977 2028 1115 2105; x_wconf 86' lang='grc'>130,20,</span> 
     </span>
     <span class='ocr_line' id='line_1_22' title="bbox 97 2109 1116 2198; baseline 0.003 -24"><span class='ocrx_word' id='word_1_171' title='bbox 97 2119 170 2190; x_wconf 91' lang='grc'>133,</span> <span class='ocrx_word' id='word_1_172' title='bbox 186 2119 241 2193; x_wconf 86' lang='grc'><strong>18,</strong></span> <span class='ocrx_word' id='word_1_173' title='bbox 267 2119 412 2193; x_wconf 86' lang='grc'>162,19,</span> <span class='ocrx_word' id='word_1_174' title='bbox 437 2117 510 2191; x_wconf 88' lang='grc'>210,</span> <span class='ocrx_word' id='word_1_175' title='bbox 525 2109 596 2198; x_wconf 90' lang='grc'>22),</span> <span class='ocrx_word' id='word_1_176' title='bbox 623 2115 800 2177; x_wconf 66' lang='grc'>0100101010</span> <span class='ocrx_word' id='word_1_177' title='bbox 831 2116 1049 2176; x_wconf 89' lang='lat' dir='ltr'><strong>concedendum</strong></span> <span class='ocrx_word' id='word_1_178' title='bbox 1073 2119 1116 2177; x_wconf 90' lang='lat' dir='ltr'><strong>sit</strong></span> 
     </span>
     <span class='ocr_line' id='line_1_23' title="bbox 95 2205 1115 2283; baseline 0.002 -19"><span class='ocrx_word' id='word_1_179' title='bbox 95 2225 163 2264; x_wconf 93' lang='lat' dir='ltr'><strong>eum</strong></span> <span class='ocrx_word' id='word_1_180' title='bbox 186 2210 330 2266; x_wconf 86' lang='grc'>0010000</span> <span class='ocrx_word' id='word_1_181' title='bbox 354 2205 537 2264; x_wconf 89' lang='lat' dir='ltr'><strong>coniecturas</strong></span> <span class='ocrx_word' id='word_1_182' title='bbox 560 2207 771 2282; x_wconf 86' lang='lat' dir='ltr'><strong>immiscuisse,</strong></span> <span class='ocrx_word' id='word_1_183' title='bbox 795 2207 875 2282; x_wconf 91' lang='lat' dir='ltr'><strong>quod</strong></span> <span class='ocrx_word' id='word_1_184' title='bbox 898 2207 1000 2283; x_wconf 88' lang='lat' dir='ltr'><strong>potius</strong></span> <span class='ocrx_word' id='word_1_185' title='bbox 1019 2207 1115 2266; x_wconf 90' lang='lat' dir='ltr'><strong>credi-</strong></span> 
     </span>
     <span class='ocr_line' id='line_1_24' title="bbox 95 2293 1115 2372; baseline 0.004 -21"><span class='ocrx_word' id='word_1_186' title='bbox 95 2295 199 2369; x_wconf 85' lang='lat' dir='ltr'><strong>derim,</strong></span> <span class='ocrx_word' id='word_1_187' title='bbox 218 2297 273 2353; x_wconf 89' lang='lat' dir='ltr'><strong>aut</strong></span> <span class='ocrx_word' id='word_1_188' title='bbox 286 2293 494 2372; x_wconf 83' lang='lat' dir='ltr'><strong>apographum</strong></span> <span class='ocrx_word' id='word_1_189' title='bbox 508 2294 679 2354; x_wconf 88' lang='lat' dir='ltr'><strong>adhibuisse</strong></span> <span class='ocrx_word' id='word_1_190' title='bbox 694 2295 880 2371; x_wconf 88' lang='lat' dir='ltr'><strong>aliquatenus</strong></span> <span class='ocrx_word' id='word_1_191' title='bbox 896 2295 1115 2372; x_wconf 85' lang='lat' dir='ltr'><strong>interpolatum</strong></span> 
     </span>
     <span class='ocr_line' id='line_1_25' title="bbox 34 2384 1114 2548; baseline 0.003 -17"><span class='ocrx_word' id='word_1_192' title='bbox 34 2467 76 2521; x_wconf 61' lang='grc' dir='ltr'><strong>Α*</strong></span> <span class='ocrx_word' id='word_1_193' title='bbox 95 2386 149 2444; x_wconf 60' lang='lat' dir='ltr'><strong>aul</strong></span> <span class='ocrx_word' id='word_1_194' title='bbox 171 2387 332 2532; x_wconf 52' lang='lat' dir='ltr'><strong>ulmrilddlihe</strong></span> <span class='ocrx_word' id='word_1_195' title='bbox 349 2384 479 2531; x_wconf 58' lang='lat' dir='ltr'><strong>sfeecodhsda</strong></span> <span class='ocrx_word' id='word_1_196' title='bbox 501 2471 615 2548; x_wconf 88' lang='lat' dir='ltr'><strong>pallido</strong></span> <span class='ocrx_word' id='word_1_197' title='bbox 639 2474 805 2532; x_wconf 89' lang='lat' dir='ltr'><strong>atramento</strong></span> <span class='ocrx_word' id='word_1_198' title='bbox 830 2475 860 2532; x_wconf 87' lang='lat' dir='ltr'><strong>et</strong></span> <span class='ocrx_word' id='word_1_199' title='bbox 882 2474 992 2532; x_wconf 90' lang='lat' dir='ltr'><strong>litteris</strong></span> <span class='ocrx_word' id='word_1_200' title='bbox 1016 2475 1114 2535; x_wconf 90' lang='lat' dir='ltr'><strong>mino·</strong></span> 
     </span>
     <span class='ocr_line' id='line_1_26' title="bbox 94 2561 1115 2641; baseline 0.003 -20"><span class='ocrx_word' id='word_1_201' title='bbox 94 2562 190 2637; x_wconf 87' lang='lat' dir='ltr'><strong>ribus,</strong></span> <span class='ocrx_word' id='word_1_202' title='bbox 227 2562 424 2640; x_wconf 84' lang='lat' dir='ltr'><strong>longiusculis</strong></span> <span class='ocrx_word' id='word_1_203' title='bbox 461 2580 495 2620; x_wconf 94' lang='lat' dir='ltr'><strong>ao</strong></span> <span class='ocrx_word' id='word_1_204' title='bbox 526 2561 735 2636; x_wconf 89' lang='lat' dir='ltr'><strong>tenuiusculis,</strong></span> <span class='ocrx_word' id='word_1_205' title='bbox 772 2561 969 2641; x_wconf 85' lang='lat' dir='ltr'><strong>distinguitur</strong></span> <span class='ocrx_word' id='word_1_206' title='bbox 1004 2581 1115 2624; x_wconf 90' lang='lat' dir='ltr'><strong>manus</strong></span> 
     </span>
     <span class='ocr_line' id='line_1_27' title="bbox 94 2644 1117 2732; baseline 0.004 -24"><span class='ocrx_word' id='word_1_207' title='bbox 94 2652 186 2710; x_wconf 87' lang='lat' dir='ltr'><strong>tertia</strong></span> <span class='ocrx_word' id='word_1_208' title='bbox 210 2644 281 2732; x_wconf 72' lang='lat' dir='ltr'><strong>(A3)</strong></span> <span class='ocrx_word' id='word_1_209' title='bbox 304 2670 364 2710; x_wconf 93' lang='lat' dir='ltr'><strong>non</strong></span> <span class='ocrx_word' id='word_1_210' title='bbox 391 2652 436 2710; x_wconf 90' lang='lat' dir='ltr'><strong>ita</strong></span> <span class='ocrx_word' id='word_1_211' title='bbox 462 2651 559 2709; x_wconf 90' lang='lat' dir='ltr'><strong>multo</strong></span> <span class='ocrx_word' id='word_1_212' title='bbox 588 2652 686 2710; x_wconf 87' lang='lat' dir='ltr'><strong>aetate</strong></span> <span class='ocrx_word' id='word_1_213' title='bbox 709 2650 841 2712; x_wconf 82' lang='lat' dir='ltr'><strong>inferior.</strong></span> <span class='ocrx_word' id='word_1_214' title='bbox 886 2651 936 2711; x_wconf 90' lang='lat' dir='ltr'><strong>hic</strong></span> <span class='ocrx_word' id='word_1_215' title='bbox 963 2655 1117 2713; x_wconf 86' lang='lat' dir='ltr'><strong>corrector</strong></span> 
     </span>
     <span class='ocr_line' id='line_1_28' title="bbox 95 2739 1115 2817; baseline 0.004 -19"><span class='ocrx_word' id='word_1_216' title='bbox 95 2759 217 2817; x_wconf 88' lang='lat' dir='ltr'><strong>oporam</strong></span> <span class='ocrx_word' id='word_1_217' title='bbox 244 2759 263 2799; x_wconf 90' lang='lat' dir='ltr'><strong>a</strong></span> <span class='ocrx_word' id='word_1_218' title='bbox 292 2740 422 2799; x_wconf 84' lang='lat' dir='ltr'><strong>secunda</strong></span> <span class='ocrx_word' id='word_1_219' title='bbox 453 2759 544 2799; x_wconf 91' lang='lat' dir='ltr'><strong>manu</strong></span> <span class='ocrx_word' id='word_1_220' title='bbox 575 2739 748 2799; x_wconf 85' lang='lat' dir='ltr'><strong>incohatam</strong></span> <span class='ocrx_word' id='word_1_221' title='bbox 771 2741 961 2801; x_wconf 89' lang='lat' dir='ltr'><strong>continuavit</strong></span> <span class='ocrx_word' id='word_1_222' title='bbox 991 2742 1022 2800; x_wconf 92' lang='lat' dir='ltr'><strong>et</strong></span> <span class='ocrx_word' id='word_1_223' title='bbox 1051 2761 1115 2802; x_wconf 89' lang='lat' dir='ltr'><strong>non</strong></span> 
     </span>
     <span class='ocr_line' id='line_1_29' title="bbox 94 2829 1116 2906; baseline 0.004 -19"><span class='ocrx_word' id='word_1_224' title='bbox 94 2829 183 2888; x_wconf 92' lang='lat' dir='ltr'><strong>modo</strong></span> <span class='ocrx_word' id='word_1_225' title='bbox 216 2830 334 2905; x_wconf 85' lang='lat' dir='ltr'><strong>saepius</strong></span> <span class='ocrx_word' id='word_1_226' title='bbox 365 2849 461 2905; x_wconf 88' lang='lat' dir='ltr'><strong>prava</strong></span> <span class='ocrx_word' id='word_1_227' title='bbox 492 2830 619 2888; x_wconf 87' lang='lat' dir='ltr'><strong>correxit</strong></span> <span class='ocrx_word' id='word_1_228' title='bbox 649 2832 680 2888; x_wconf 90' lang='lat' dir='ltr'><strong>et</strong></span> <span class='ocrx_word' id='word_1_229' title='bbox 712 2829 821 2888; x_wconf 89' lang='lat' dir='ltr'><strong>omissa</strong></span> <span class='ocrx_word' id='word_1_230' title='bbox 851 2829 926 2888; x_wconf 87' lang='lat' dir='ltr'><strong>bene</strong></span> <span class='ocrx_word' id='word_1_231' title='bbox 959 2831 1116 2906; x_wconf 86' lang='lat' dir='ltr'><strong>supplevit</strong></span> 
     </span>
     <span class='ocr_line' id='line_1_30' title="bbox 95 2912 1117 3001; baseline 0.003 -24"><span class='ocrx_word' id='word_1_232' title='bbox 95 2912 162 2998; x_wconf 83' lang='lat' dir='ltr'><strong>(cfr.</strong></span> <span class='ocrx_word' id='word_1_233' title='bbox 180 2940 210 2995; x_wconf 91' lang='lat' dir='ltr'><strong>p.</strong></span> <span class='ocrx_word' id='word_1_234' title='bbox 227 2920 299 2993; x_wconf 88' lang='lat'><strong>160,</strong></span> <span class='ocrx_word' id='word_1_235' title='bbox 315 2920 372 2994; x_wconf 90' lang='grc'><strong>23,</strong></span> <span class='ocrx_word' id='word_1_236' title='bbox 397 2919 536 2994; x_wconf 88' lang='grc'>176,10,</span> <span class='ocrx_word' id='word_1_237' title='bbox 561 2920 634 2994; x_wconf 88' lang='grc'>274,</span> <span class='ocrx_word' id='word_1_238' title='bbox 650 2920 705 2994; x_wconf 88' lang='grc'>27,</span> <span class='ocrx_word' id='word_1_239' title='bbox 730 2921 871 2994; x_wconf 84' lang='grc'>295,13,</span> <span class='ocrx_word' id='word_1_240' title='bbox 895 2920 969 2994; x_wconf 88' lang='grc'>303,</span> <span class='ocrx_word' id='word_1_241' title='bbox 985 2914 1033 3001; x_wconf 88' lang='lat'><strong>3),</strong></span> <span class='ocrx_word' id='word_1_242' title='bbox 1059 2921 1117 2980; x_wconf 85' lang='lat' dir='ltr'><strong>sed</strong></span> 
     </span>
     <span class='ocr_line' id='line_1_31' title="bbox 95 3006 1114 3084; baseline 0.004 -18"><span class='ocrx_word' id='word_1_243' title='bbox 95 3006 187 3066; x_wconf 90' lang='lat' dir='ltr'><strong>etiam</strong></span> <span class='ocrx_word' id='word_1_244' title='bbox 209 3008 287 3067; x_wconf 85' lang='lat' dir='ltr'><strong>falsa</strong></span> <span class='ocrx_word' id='word_1_245' title='bbox 309 3006 427 3083; x_wconf 87' lang='lat' dir='ltr'><strong>intulit,</strong></span> <span class='ocrx_word' id='word_1_246' title='bbox 451 3007 519 3067; x_wconf 73' lang='lat' dir='ltr'><strong>sive.</strong></span> <span class='ocrx_word' id='word_1_247' title='bbox 536 3009 597 3066; x_wconf 90' lang='lat' dir='ltr'><strong>suis</strong></span> <span class='ocrx_word' id='word_1_248' title='bbox 622 3007 798 3067; x_wconf 87' lang='lat' dir='ltr'><strong>coniecturis</strong></span> <span class='ocrx_word' id='word_1_249' title='bbox 816 3026 903 3084; x_wconf 90' lang='lat' dir='ltr'><strong>usus,</strong></span> <span class='ocrx_word' id='word_1_250' title='bbox 926 3009 989 3068; x_wconf 88' lang='lat' dir='ltr'><strong>sive</strong></span> <span class='ocrx_word' id='word_1_251' title='bbox 1012 3008 1114 3071; x_wconf 88' lang='lat' dir='ltr'><strong>minus</strong></span> 
     </span>
     <span class='ocr_line' id='line_1_32' title="bbox 93 3088 1114 3176; baseline 0.005 -22"><span class='ocrx_word' id='word_1_252' title='bbox 93 3096 173 3156; x_wconf 88' lang='lat' dir='ltr'><strong>bona</strong></span> <span class='ocrx_word' id='word_1_253' title='bbox 196 3097 341 3156; x_wconf 91' lang='lat' dir='ltr'><strong>librorum</strong></span> <span class='ocrx_word' id='word_1_254' title='bbox 369 3097 551 3174; x_wconf 87' lang='lat' dir='ltr'><strong>supellectile</strong></span> <span class='ocrx_word' id='word_1_255' title='bbox 579 3098 744 3156; x_wconf 90' lang='lat' dir='ltr'><strong>instructus</strong></span> <span class='ocrx_word' id='word_1_256' title='bbox 773 3088 839 3176; x_wconf 79' lang='lat' dir='ltr'><strong>(cfr.</strong></span> <span class='ocrx_word' id='word_1_257' title='bbox 858 3119 887 3174; x_wconf 90' lang='lat' dir='ltr'><strong>p.</strong></span> <span class='ocrx_word' id='word_1_258' title='bbox 908 3098 937 3172; x_wconf 89' lang='lat'><strong>8,</strong></span> <span class='ocrx_word' id='word_1_259' title='bbox 952 3099 985 3173; x_wconf 84' lang='grc'>5,</span> <span class='ocrx_word' id='word_1_260' title='bbox 1011 3100 1040 3173; x_wconf 89' lang='grc'><strong>9,</strong></span> <span class='ocrx_word' id='word_1_261' title='bbox 1056 3101 1114 3176; x_wconf 89' lang='grc'><strong>23,</strong></span> 
     </span>
     <span class='ocr_line' id='line_1_33' title="bbox 95 3178 1114 3267; baseline 0.005 -23"><span class='ocrx_word' id='word_1_262' title='bbox 95 3188 146 3262; x_wconf 89' lang='grc'><strong>23,</strong></span> <span class='ocrx_word' id='word_1_263' title='bbox 162 3187 217 3262; x_wconf 93' lang='grc'>22,</span> <span class='ocrx_word' id='word_1_264' title='bbox 243 3188 328 3261; x_wconf 88' lang='grc'>23,5</span> <span class='ocrx_word' id='word_1_265' title='bbox 353 3188 461 3262; x_wconf 86' lang='grc'>0118,</span> <span class='ocrx_word' id='word_1_266' title='bbox 487 3188 605 3263; x_wconf 86' lang='grc'>51,12,</span> <span class='ocrx_word' id='word_1_267' title='bbox 630 3187 681 3261; x_wconf 94' lang='grc'><strong>70,</strong></span> <span class='ocrx_word' id='word_1_268' title='bbox 697 3188 752 3264; x_wconf 84' lang='grc'>25,</span> <span class='ocrx_word' id='word_1_269' title='bbox 778 3187 851 3262; x_wconf 89' lang='grc'>300,</span> <span class='ocrx_word' id='word_1_270' title='bbox 864 3178 934 3267; x_wconf 87' lang='grc'>28),</span> <span class='ocrx_word' id='word_1_271' title='bbox 958 3188 1114 3250; x_wconf 86' lang='lat' dir='ltr'><strong>nonnullis</strong></span> 
     </span>
     <span class='ocr_line' id='line_1_34' title="bbox 93 3275 1115 3353; baseline 0.005 -20"><span class='ocrx_word' id='word_1_272' title='bbox 93 3295 163 3334; x_wconf 85' lang='lat' dir='ltr'><strong>vero</strong></span> <span class='ocrx_word' id='word_1_273' title='bbox 193 3277 266 3335; x_wconf 88' lang='lat' dir='ltr'><strong>loeis</strong></span> <span class='ocrx_word' id='word_1_274' title='bbox 294 3277 443 3351; x_wconf 87' lang='lat' dir='ltr'><strong>scriptura</strong></span> <span class='ocrx_word' id='word_1_275' title='bbox 470 3276 584 3353; x_wconf 87' lang='lat' dir='ltr'><strong>primae</strong></span> <span class='ocrx_word' id='word_1_276' title='bbox 611 3294 717 3334; x_wconf 90' lang='lat' dir='ltr'><strong>manus</strong></span> <span class='ocrx_word' id='word_1_277' title='bbox 747 3294 832 3334; x_wconf 86' lang='lat' dir='ltr'><strong>erasa</strong></span> <span class='ocrx_word' id='word_1_278' title='bbox 858 3275 890 3334; x_wconf 90' lang='lat' dir='ltr'><strong>in</strong></span> <span class='ocrx_word' id='word_1_279' title='bbox 919 3277 1033 3336; x_wconf 88' lang='lat' dir='ltr'><strong>rasuris</strong></span> <span class='ocrx_word' id='word_1_280' title='bbox 1057 3296 1115 3338; x_wconf 90' lang='lat' dir='ltr'><strong>sua</strong></span> 
     </span>
     <span class='ocr_line' id='line_1_35' title="bbox 95 3357 1115 3447; baseline 0.005 -25"><span class='ocrx_word' id='word_1_281' title='bbox 95 3363 252 3424; x_wconf 89' lang='lat' dir='ltr'><strong>substituit</strong></span> <span class='ocrx_word' id='word_1_282' title='bbox 280 3357 346 3446; x_wconf 87' lang='lat' dir='ltr'><strong>(cfr.</strong></span> <span class='ocrx_word' id='word_1_283' title='bbox 365 3386 394 3440; x_wconf 91' lang='lat' dir='ltr'><strong>p.</strong></span> <span class='ocrx_word' id='word_1_284' title='bbox 411 3367 462 3440; x_wconf 83' lang='grc'>25,</span> <span class='ocrx_word' id='word_1_285' title='bbox 477 3366 532 3440; x_wconf 88' lang='grc'>28,</span> <span class='ocrx_word' id='word_1_286' title='bbox 562 3367 613 3440; x_wconf 85' lang='lat'><strong>50,</strong></span> <span class='ocrx_word' id='word_1_287' title='bbox 629 3367 684 3440; x_wconf 88' lang='grc'>27,</span> <span class='ocrx_word' id='word_1_288' title='bbox 714 3366 794 3440; x_wconf 89' lang='grc'>69,7</span> <span class='ocrx_word' id='word_1_289' title='bbox 820 3367 850 3424; x_wconf 86' lang='grc'><strong>01</strong></span> <span class='ocrx_word' id='word_1_290' title='bbox 874 3358 939 3447; x_wconf 87' lang='grc'>12).</span> <span class='ocrx_word' id='word_1_291' title='bbox 984 3366 1115 3428; x_wconf 91' lang='lat' dir='ltr'><strong>eundem</strong></span> 
     </span>
     <span class='ocr_line' id='line_1_36' title="bbox 93 3454 1114 3535; baseline 0.008 -25"><span class='ocrx_word' id='word_1_292' title='bbox 93 3455 181 3512; x_wconf 89' lang='lat' dir='ltr'><strong>notas</strong></span> <span class='ocrx_word' id='word_1_293' title='bbox 201 3474 319 3531; x_wconf 90' lang='lat' dir='ltr'><strong>quoque</strong></span> <span class='ocrx_word' id='word_1_294' title='bbox 338 3454 416 3514; x_wconf 86' lang='lat' dir='ltr'><strong>varii</strong></span> <span class='ocrx_word' id='word_1_295' title='bbox 434 3455 549 3532; x_wconf 87' lang='lat' dir='ltr'><strong>generis</strong></span> <span class='ocrx_word' id='word_1_296' title='bbox 567 3456 600 3512; x_wconf 91' lang='lat' dir='ltr'><strong>in</strong></span> <span class='ocrx_word' id='word_1_297' title='bbox 618 3454 752 3532; x_wconf 88' lang='lat' dir='ltr'><strong>margine</strong></span> <span class='ocrx_word' id='word_1_298' title='bbox 768 3455 944 3532; x_wconf 89' lang='lat' dir='ltr'><strong>plerumque</strong></span> <span class='ocrx_word' id='word_1_299' title='bbox 959 3454 1114 3535; x_wconf 90' lang='lat' dir='ltr'><strong>adiecisse,</strong></span> 
     </span>
     <span class='ocr_line' id='line_1_37' title="bbox 94 3543 1115 3624; baseline 0.009 -25"><span class='ocrx_word' id='word_1_300' title='bbox 94 3543 130 3600; x_wconf 92' lang='lat' dir='ltr'><strong>ut</strong></span> <span class='ocrx_word' id='word_1_301' title='bbox 154 3545 206 3601; x_wconf 89' lang='lat' dir='ltr'><strong>aut</strong></span> <span class='ocrx_word' id='word_1_302' title='bbox 229 3546 405 3622; x_wconf 85' lang='lat' dir='ltr'><strong>argumenta</strong></span> <span class='ocrx_word' id='word_1_303' title='bbox 428 3545 526 3603; x_wconf 88' lang='lat' dir='ltr'><strong>essent</strong></span> <span class='ocrx_word' id='word_1_304' title='bbox 549 3563 664 3619; x_wconf 77' lang='grc'>00000,</span> <span class='ocrx_word' id='word_1_305' title='bbox 693 3563 769 3621; x_wconf 87' lang='lat' dir='ltr'><strong>quae</strong></span> <span class='ocrx_word' id='word_1_306' title='bbox 796 3543 935 3603; x_wconf 83' lang='lat' dir='ltr'><strong>intexta</strong></span> <span class='ocrx_word' id='word_1_307' title='bbox 958 3543 1115 3624; x_wconf 83' lang='lat' dir='ltr'><strong>leguntur,</strong></span> 
     </span>
    </p>
   </div>
   <div class='ocr_carea' id='block_1_3' title="bbox 0 0 1204 3840">
    <p class='ocr_par' dir='ltr' id='par_1_3' title="bbox 0 0 1204 3840">
     <span class='ocr_line' id='line_1_38' title="bbox 0 0 1204 3840; baseline 0 0"><span class='ocrx_word' id='word_1_308' title='bbox 0 0 1204 3840; x_wconf 95' lang='lat' dir='ltr'><strong> </strong></span> 
     </span>
    </p>
   </div>
  </div>
 </body>
</html>
