2400 3840
302 205 351 260 nn
369 205 433 278 nm
450 204 519 260 nis.
533 203 580 261 111.
613 203 690 259 onP.
704 209 749 259 41.
762 209 806 260 42.
821 209 855 260 43
1023 205 1087 272 149

69 352 175 418 media
197 372 284 417 mors
307 351 442 416 dirimet.
480 350 558 434 quid
580 352 814 415 tumultuamur
836 354 869 417 et
888 351 989 417 vitam
1004 352 1123 418 ‚sedi-4

69 442 146 507 tiosi
168 440 418 508 conturbamus?
454 443 518 504 stat
541 461 638 524 supra
660 440 884 524 caputiatum
906 444 938 505 et
955 464 1088 526 pereun-

68 532 111 596 tis
142 531 209 596 dies
238 530 367 613 inputat
395 530 592 614 propiusque
619 551 657 594 ac
684 528 817 613 propius
844 530 979 615 accedit,
1001 531 1088 595 istud

68 624 210 704 tempus,
248 619 333 703 quod
366 619 487 684 alienae
519 619 658 683 destinas
690 618 801 702 morti,
836 619 972 684 fortasse
1004 621 1088 685 circa

36 713 160 774 stuam
182 711 238 773 est.

158 813 272 879 XLIII.
310 813 397 892 Quin
425 815 533 899 potius
556 815 657 879 vitam
683 814 813 880 brevem
840 815 967 901 colligis
990 814 1122 900 placi-1

70 904 207 988 demque
230 908 263 969 et
284 904 345 969 tibi
368 907 401 968 et
422 903 535 969 ceteris
560 902 726 988 praestas?
771 905 850 988 quin
872 906 981 988 potius
1004 927 1088 970 ama-

69 994 168 1059 bilem
203 997 249 1078 te,
286 994 363 1059 dum
394 993 491 1076 vivis,
528 993 689 1077 omnibus,
725 992 979 1076 desiderabilem,
1015 1015 1088 1059 cum

69 1084 255 1167 excesseris,
284 1081 413 1147 reddis?
467 1081 545 1166 quid
573 1082 667 1146 illum
696 1082 793 1146 nimis
821 1105 861 1147 ex
888 1082 953 1147 alto
980 1085 1088 1148 tecum

24 1193 52 1234 ro
70 1175 216 1258 agentem
239 1172 404 1237 detrahere
427 1171 541 1258 cupis?
578 1171 656 1255 quid
678 1171 771 1236 illum
790 1171 1002 1236 oblatrantem
1019 1172 1088 1255 tibi,

68 1261 223 1326 humilem
248 1261 376 1344 quidem
399 1264 432 1325 et
454 1264 689 1345 contemptum,
712 1260 767 1325 sed
790 1260 1007 1345 superioribus
1026 1260 1089 1326 aci·

70 1350 146 1415 dum
169 1372 207 1416 ac
229 1351 401 1416 molestum
424 1353 566 1414 exterere
588 1349 710 1415 viribus
729 1349 794 1414 tuis
812 1350 974 1435 temptas?
1011 1349 1088 1433 quid

69 1461 188 1594 §tlte
205 1439 564 1612 qllellfflicldd
582 1460 677 1592 ild?
698 1439 781 1593 tl?
802 1440 1003 1613 tttttt
1028 1462 1089 1595 ¹53ss

24 1637 51 1678 ιε
69 1639 161 1702 pares
191 1616 296 1681 faciat.
345 1616 449 1680 videre
480 1617 619 1682 solemus
648 1617 732 1681 inter
763 1619 921 1682 matutina
952 1618 1122 1682 harenasa

70 1706 253 1788 spectacula
274 1704 360 1769 tauri
382 1708 414 1768 et
437 1705 504 1769 ursi
526 1726 668 1790 pugnam
689 1706 774 1769 inter
792 1728 826 1770 se
844 1707 1090 1792 conligatorum,

70 1815 167 1877 quos,
194 1815 268 1858 cum
291 1794 372 1858 alter
394 1793 530 1857 alterum
553 1797 722 1877 vexanmt,
750 1816 826 1859 suus
850 1795 1014 1860 confector
1037 1818 1088 1860 ex·

70 1884 191 1966 pectet:
226 1882 311 1947 idem
347 1882 496 1965 facimus,
533 1882 672 1966 aliquem
706 1882 874 1947 nobiscum
911 1883 1089 1968 adligatum

69 1970 269 2054 lacessimus,
300 1992 373 2036 cum
402 1971 488 2035 victo
518 1970 696 2054 victorique
719 1970 793 2035 finis
816 1971 1001 2054 etquidem
1024 1994 1089 2036 ma·

24 2081 52 2123 so
70 2064 161 2125 turus
198 2061 360 2124 inmineat.
412 2059 513 2143 quieti
544 2060 652 2144 potius
684 2059 854 2144 pacatique
885 2060 1089 2142 quantulum·

70 2171 207 2233 cumque
244 2152 389 2234 superest
424 2149 603 2234 exigamus!
654 2148 737 2212 nulli
773 2148 907 2213 cadaver
942 2152 1088 2214 nostrum

70 2240 172 2304 iaceat
198 2239 352 2304 invisum!
398 2260 491 2322 saepe
521 2237 624 2302 rixam
654 2236 890 2302 conclamatum
915 2237 949 2301 in
971 2237 1123 2305 viciniae

70 2327 253 2393 incendium
290 2327 388 2393 solvit
423 2331 455 2392 et
488 2327 686 2393 interventus
717 2326 803 2391 ferae
833 2326 992 2392 latronem
1024 2328 1090 2393 via-

70 2420 236 2500 toremque
259 2417 389 2483 diducit.
427 2416 604 2482 conluctari
622 2437 696 2481 cum
714 2415 892 2481 minoribus
911 2417 1004 2482 malis
1022 2439 1089 2482 non

24 2508 177 2588 revecat,
208 2505 264 2570 ubi
295 2509 399 2570 metus
431 2506 534 2570 maior
565 2505 722 2590 apparuit.
780 2505 859 2589 quid
889 2506 982 2571 nobis
1015 2528 1089 2572 cum

72 2593 275 2658 dimicatione
312 2599 344 2660 et
379 2593 526 2660 insidiis?
576 2594 733 2678 numquid
769 2594 908 2679 amplius
945 2595 1000 2661 isti
1036 2597 1088 2661 cui

71 2682 216 2747 irasceris
248 2704 344 2766 quam
377 2687 512 2749 mortem
546 2683 661 2768 optas?
714 2682 811 2748 etiam
842 2688 875 2749 te
907 2685 1088 2768 quiescente

71 2771 233 2837 morietur.
278 2771 385 2856 perdis
414 2793 557 2857 operam,
586 2773 613 2837 si
634 2772 738 2837 facere
761 2773 811 2837 vis
835 2773 922 2857 quod
944 2775 1089 2839 futurum

71 2865 126 2925 est.
174 2859 281 2925 ‘nolo'
312 2861 420 2945 inquis
453 2861 581 2944 ‘utique
614 2861 771 2946 occidere,
804 2862 858 2927 sed
891 2863 1001 2947 exilio,
1034 2863 1124 2928 sed4

26 2969 54 3010 eo
71 2949 262 3036 ignominia,
285 2951 340 3014 scd
363 2950 479 3015 damno
503 2949 659 3016 adficere?
697 2950 800 3036 magis
819 2951 951 3037 ignosco
971 2953 1014 3035 ei,
1032 2952 1088 3035 qui

160 3141 178 3197 8
195 3136 382 3213 propriusque
395 3143 425 3198 A
441 3141 452 3216 ΙΙ
469 3141 503 3196 11
524 3144 553 3198 et
567 3144 758 3213 contemptum
772 3144 801 3200 A
820 3146 905 3213 atque
925 3144 1088 3213 despectum

70 3214 98 3269 L
110 3213 121 3287 ll
134 3212 170 3268 12
184 3215 308 3269 exterere
322 3215 420 3269 Marcet
438 3215 498 3283 (cfr.
514 3215 581 3270 dial.
597 3215 628 3269 X
641 3219 685 3282 13,
695 3216 723 3286 6)
740 3216 877 3270 exterrere
891 3215 952 3270 AL
969 3214 979 3287 11
997 3214 1088 3268 1511-

71 3284 137 3340 dere
150 3286 178 3340 A
202 3285 294 3340 ridere
316 3284 384 3355 oolp.
405 3286 470 3340 inde
491 3303 510 3340 a
526 3286 637 3341 Murato
662 3287 665 3358 1
690 3286 795 3358 harene
812 3288 841 3340 A
862 3291 888 3358 (e
905 3287 938 3340 ia
954 3303 1010 3340 ras.
1024 3286 1087 3352 fort.

70 3357 147 3425 m.1)
169 3355 181 3429 Η
202 3355 236 3411 17
255 3359 343 3410 nexui
359 3358 378 3410 i.
394 3373 415 3411 e.
432 3359 572 3412 uexarent
586 3358 614 3412 A
633 3363 659 3411 et
676 3357 703 3411 L
720 3357 829 3412 vexarit
846 3357 914 3426 oolp.
937 3355 948 3429 11
972 3356 1007 3411 18
1026 3355 1088 3411 alli·

70 3429 170 3495 gutum
188 3443 256 3483 corr.
270 3443 304 3482 ec
323 3426 377 3480 atl·
392 3428 469 3482 ΑΜ
487 3427 550 3501 1122
568 3428 599 3482 in
616 3428 723 3482 uicinia
741 3430 768 3484 L
786 3429 817 3482 in
834 3427 939 3483 uicinio
954 3428 982 3482 A
1000 3428 1031 3482 in
1047 3428 1088 3483 vi·

71 3497 134 3552 cino
157 3499 225 3569 oolp.
244 3498 295 3565 cfr.
314 3498 382 3552 dial.
401 3499 452 3553 IX
468 3503 539 3565 11,7
562 3498 573 3571 ΙΙ
596 3498 633 3554 28
655 3514 773 3568 operam
788 3498 818 3553 si
837 3499 932 3553 Hense
946 3500 984 3551 tu
991 3499 1108 3550 ueteres

71 3568 110 3622 od
127 3585 168 3624 me
185 3570 274 3637 dotia
291 3584 391 3638 operas
405 3570 466 3627 AL
485 3586 603 3642 operam
623 3583 640 3622 ς
