2400 3840
71 176 115 241 24
272 173 303 227 c.
318 170 462 225 mnam
479 169 644 227 sunnone
662 170 757 226 omn.
772 170 840 225 nm
854 170 890 227 u.

71 319 179 383 animo
202 319 359 400 laturum,
380 317 507 381 nullum
525 316 623 381 babet
641 315 862 402 privilegium,
883 315 1025 403 contigit
1047 318 1102 385 illi

70 428 121 472 res
135 406 278 492 vulgaris
293 411 325 471 et
343 428 425 491 quae
443 406 577 471 discitur
594 405 665 489 ipsa
683 405 873 471 iniuriarum
896 404 1102 493 assiduitate

71 496 236 581 patientia,
249 496 278 560 si
295 516 393 581 negas
412 499 618 579 accepturum
631 494 793 578 iniuriam,
809 493 844 559 id
862 498 912 559 cst
928 496 1100 563 nominem

71 585 120 650 illi
138 588 371 668 temptaturum
385 584 498 668 facere,
516 583 666 649 omnibus
679 583 800 649 relictis
812 583 953 670 negotiis
962 580 1100 653 Stoicus

36 673 137 738 3fio.’
181 695 242 759 ego
265 696 341 739 vero
369 675 546 758 sapientem
575 695 643 737 non
664 672 855 759 imaginario
878 672 1004 739 honore
1026 696 1101 741 ver·
1126 692 1137 735 c

70 764 186 828 borum
218 785 371 829 exornare
403 763 571 846 constitui,
603 761 659 827 sed
690 784 728 827 eo
765 763 837 827 loco
872 783 994 846 ponere
1028 786 1100 849 quo

70 853 161 917 nulla
190 854 394 936 permittatur
422 852 548 916 iniuria
572 850 662 934 ‘quid
689 849 789 937 ergo?
832 873 928 916 nemo
951 852 1016 917 erit
1038 854 1100 937 qui

70 943 219 1027 lacessat,
250 944 306 1026 qui
338 939 507 1026 temptet?
551 939 635 1005 nihil
664 940 700 1005 in
730 962 838 1005 rerum
872 943 991 1005 natura
1027 944 1099 1009 tam

70 1051 197 1097 sacrum
229 1036 292 1115 est,
324 1030 412 1115 quod
443 1029 636 1114 sacrilegum
666 1051 734 1094 non
759 1029 917 1112 inveniat,
947 1029 1006 1095 sed
1028 1054 1100 1097 uon

70 1119 141 1186 ideo
175 1120 284 1185 divina
315 1120 423 1185 minus
452 1119 488 1182 in
519 1118 650 1183 sublimi
677 1122 767 1202 sunt,
793 1118 822 1183 si
848 1118 1012 1185 exsistunt
1039 1122 1100 1207 qui
1114 1138 1135 1179 a
1174 1126 1177 1131 '

70 1209 326 1295 magnitudinem
355 1209 495 1273 multum
528 1207 615 1273 ultra
646 1228 680 1272 so
713 1207 852 1291 positam
877 1229 946 1272 non
973 1210 1099 1277 tacturi

70 1301 237 1384 appetant,
264 1296 495 1362 invulnerabile
523 1300 572 1361 est
598 1318 666 1361 non
687 1296 775 1379 quod
797 1318 865 1362 non
886 1296 1018 1382 feritur,
1039 1298 1099 1365 sed

71 1386 158 1471 quod
189 1409 257 1451 non
288 1386 439 1451 laeditur:
471 1408 512 1450 ex
542 1385 604 1451 heo
634 1386 695 1450 tibi
726 1389 805 1450 nota
835 1385 1016 1469 sapientem
1044 1410 1099 1453 ex-

35 1476 197 1540 ihibebo.
242 1475 388 1558 nunquid
419 1474 552 1539 dubium
582 1478 645 1557 est,
674 1475 754 1558 quin
776 1475 894 1540 certius
920 1476 1024 1541 robur
1054 1478 1099 1543 sit

71 1564 159 1648 quod
189 1585 257 1628 non
288 1564 428 1629 vincitur
460 1585 556 1647 quam
588 1563 676 1646 quod
706 1585 775 1628 non
804 1563 987 1647 lacessitur,
1020 1582 1133 1633 cumn

70 1653 186 1718 dubiae
213 1653 279 1717 sint
301 1653 384 1718 viros
411 1653 611 1737 inexpertae,
640 1656 674 1717 at
700 1652 815 1717 merito
839 1652 1022 1719 certissima
1043 1655 1098 1721 n»

70 1743 165 1807 mitas
194 1742 364 1826 habeatur,
394 1765 475 1827 quae
503 1742 607 1806 omnis
630 1741 777 1807 incursus
795 1740 941 1826 respuit?
986 1743 1038 1811 sic
1059 1748 1098 1811 tu

70 1832 246 1917 sapientem
275 1832 417 1897 melioris
445 1831 526 1897 scito
550 1852 619 1896 esse
641 1835 788 1914 naturae,
811 1831 840 1896 si
860 1831 952 1895 nulla
973 1831 1028 1898 illi
1050 1834 1098 1901 in·

70 1922 152 1986 iuria
173 1926 283 2006 nocet,
306 1944 404 2006 quam
427 1921 455 1987 si
478 1922 569 1986 nulla
590 1921 637 1985 fit.
683 1923 715 1984 et
737 1920 831 1984 illum
854 1920 973 1985 fortem
986 1920 1097 1991 virum

69 2011 188 2096 dicam,
215 2034 312 2096 quem
339 2012 425 2076 belle
447 2032 514 2075 non
537 2010 693 2095 subigunt
723 2031 783 2075 nec
804 2008 935 2075 admota
956 2009 1008 2075 ris
1039 2012 1098 2079 lio
1112 2030 1133 2073 s

69 2102 151 2165 stilis
182 2104 333 2184 exterret,
354 2123 423 2166 non
445 2100 497 2165 cui
520 2100 641 2200 pingue
665 2097 767 2162 otium
791 2102 840 2200 est
861 2099 946 2163 inter
959 2097 1098 2202 ‚³9³⁶oe

34 2187 845 2361 ⁶lttllblttffilletffildllll
863 2208 1099 2347 baffi

70 2367 196 2432 cientur
218 2368 297 2450 tela,
320 2388 394 2431 oum
418 2366 461 2431 sit
482 2365 565 2429 nulli
582 2365 797 2447 penetrabilis.
831 2366 995 2450 quomodo
1014 2390 1099 2453 quo·

69 2455 205 2521 rumdam
235 2455 380 2539 lapidum
410 2454 669 2540 inexpugnabilis
694 2454 778 2519 ferro
812 2455 930 2519 duritia
961 2459 1012 2520 est
1035 2479 1098 2525 noo
1113 2474 1135 2517 a

70 2545 171 2610 secari
203 2543 332 2609 adamas
365 2547 421 2609 aut
451 2542 540 2608 caedi
562 2544 615 2608 vel
647 2543 748 2607 deteri
776 2547 884 2627 potest
906 2543 963 2608 sed
985 2545 1098 2613 incur

68 2634 172 2699 rentia
202 2635 290 2699 ultro
331 2632 487 2715 retundit,
523 2632 794 2716 quemadmodum
826 2632 985 2716 quaedam
1026 2658 1099 2703 non

69 2726 206 2806 possunt
232 2723 308 2809 igne
336 2722 484 2788 consumi
506 2722 562 2786 sod
579 2721 711 2787 flamma
734 2721 928 2786 circumfusa
949 2722 1098 2809 rigorem

70 2833 164 2877 suum
187 2811 399 2896 habitumque
426 2815 632 2894 conservant,
654 2810 926 2895 quomadmodum
955 2813 1098 2895 proiecti

70 2901 201 2984 quidam
229 2901 264 2966 in
291 2902 393 2966 altum
421 2900 548 2983 scopuli
570 2922 657 2966 mare
679 2899 835 2985 frangunt
856 2922 917 2966 nec
937 2900 1004 2984 ipsi
1025 2903 1098 2969 ulla
1113 2921 1137 2963 a

70 2990 220 3055 saevitiae
242 2990 379 3076 vestigia
410 2992 460 3054 tot
482 2989 640 3054 verberati
672 2989 807 3053 saeculis
840 2992 1018 3055 ostentant:
1048 2992 1098 3058 ita

69 3079 223 3164 sapientis
251 3080 376 3144 animus
404 3077 527 3144 solidus
554 3082 603 3143 est
629 3081 662 3143 et
682 3077 716 3141 id
738 3079 863 3143 roboris
887 3079 1035 3165 collegit,
1058 3085 1098 3147 ut

68 3173 136 3234 tam
159 3172 249 3233 tutus
273 3169 316 3233 sit
338 3170 378 3233 ab
400 3167 519 3232 iniuria
541 3190 638 3251 quam
661 3167 719 3232 illa
742 3189 823 3251 quae
846 3167 966 3232 rettuli

158 3326 326 3391 diocessiat
340 3326 368 3380 A
390 3324 401 3397 ΙΙ
422 3325 457 3378 11
473 3324 587 3396 ss'aoturi
600 3325 629 3380 A
652 3326 675 3395 (t
694 3324 775 3391 erae.)
796 3322 807 3396 ΙΙ
828 3323 864 3378 20
887 3324 1005 3379 admotu
1023 3342 1097 3383 corr.

70 3414 104 3451 ee
128 3400 224 3453 amota
243 3396 286 3453 Α*
308 3396 319 3469 ss
343 3396 380 3451 26
402 3396 520 3450 mamas
546 3397 597 3449 aut
620 3398 652 3450 to
676 3412 732 3450 roo.
751 3394 794 3450 Α5
817 3394 828 3467 Η
853 3395 888 3450 2⁷
912 3403 939 3451 et
960 3394 998 3451 20
1024 3416 1097 3468 que-

69 3469 202 3523 mamodu
222 3469 264 3525 A¹
287 3485 357 3525 corr.
376 3468 419 3523 Α8
442 3467 452 3540 Η
476 3467 511 3522 81
536 3466 638 3539 seuitia
658 3466 701 3522 A¹
726 3482 793 3521 corr.
813 3466 855 3520 A¹
878 3465 888 3539 Η
914 3465 951 3521 82
975 3466 1098 3542 collegit

69 3541 135 3608 oolp.
157 3540 305 3610 colligitA
320 3539 334 3614 l)
350 3538 387 3596 88
405 3538 510 3615 relltuli
528 3542 610 3612 (aas.
621 3540 646 3609 t)
662 3539 691 3593 A
