2400 3840
102 191 168 258 286
308 189 339 243 L.
353 186 495 242 ANNAEI
513 185 677 242 SENECAE
696 185 790 240 DIAL.
805 184 872 240 LIB.
886 185 920 240 X.

68 353 83 400 1
192 334 247 400 VI.
283 333 395 399 Livius
423 332 561 416 Drusus,
593 332 643 398 vir
674 353 746 397 acer
776 335 808 397 et
836 332 1021 416 vehemens,
1049 354 1126 398 cum

101 427 189 512 leges
207 446 308 490 noves
327 426 359 489 et
376 423 461 487 mala
475 420 660 487 Gracchana
677 421 831 486 movisset
847 420 984 505 stipatus
998 421 1126 508 ingenti

102 515 202 580 totius
225 512 337 578 Italiae
360 515 467 595 coetu,
491 511 613 577 exitum
630 532 738 575 rerum
754 532 822 574 non
840 511 1023 594 pervidens,
1043 533 1125 596 quas

102 624 162 669 nec
192 623 287 689 agere
318 601 435 667 licebat
464 622 524 665 nec
552 599 618 664 iam
646 600 783 664 liberum
813 604 882 664 erat
909 601 1008 665 semel
1035 600 1125 666 inco-

102 693 194 758 hatas
234 691 428 774 relinquere,
466 693 630 754 execratus
667 688 845 772 inquietam
881 711 900 753 a
936 688 1124 772 primordiis
1155 709 1167 750 s

102 782 203 845 vitam
233 781 350 846 dicitur
380 780 512 844 dixisse:
543 778 600 842 uni
628 778 751 844 sibine
775 799 876 861 puero
900 778 1031 861 quidem
1054 800 1125 842 um-

103 892 200 954 quam
231 870 327 936 ferias
360 869 541 954 contigisse.
587 889 682 933 ausus
715 871 764 932 est
795 867 882 931 enim
913 870 946 931 et
976 867 1125 951 pupillus

103 959 208 1026 adhuc
239 963 272 1024 et
302 961 519 1044 praetextatus
549 956 708 1022 iudicibus
738 977 810 1021 reos
838 956 1063 1021 commendare
1092 961 1126 1022 et

103 1049 240 1135 gratiam
263 1070 354 1114 suam
376 1049 448 1112 foro
472 1047 674 1129 interponere
696 1049 764 1108 tam
786 1044 960 1110 efficaciter
983 1045 1126 1129 quidem,

67 1142 140 1203 aut
169 1138 325 1221 quaedam
354 1136 474 1201 iudicia
503 1138 629 1200 constet
658 1135 697 1199 ab
726 1133 784 1199 illo
814 1137 915 1217 rapta.
961 1155 1026 1217 quo
1056 1158 1126 1201 non
1143 1155 1167 1195 ιο

103 1229 284 1311 erumperet
315 1230 382 1289 tam
411 1225 572 1288 inmatura
604 1222 760 1288 ambitio?
810 1224 906 1288 scires
936 1223 971 1287 in
1000 1224 1125 1288 malum

102 1317 215 1401 ingens
240 1318 273 1379 et
294 1314 457 1398 privatum
475 1315 508 1376 et
525 1313 692 1396 publicum
711 1334 877 1377 evasuram
896 1311 1017 1396 (tam)
1033 1335 1125 1396 pree-

103 1425 239 1486 coquem
263 1403 438 1467 audaciam.
484 1423 554 1466 sero
581 1402 690 1485 itaque
718 1402 910 1484 querebatur
930 1401 1038 1467 nullas
1063 1402 1125 1468 sibi

103 1493 198 1557 ferias
235 1492 408 1577 contigisse
441 1513 460 1554 a
490 1513 591 1574 puero
629 1490 799 1556 seditiosus
836 1493 869 1555 et
902 1490 973 1555 foro
1006 1492 1124 1577 gravis.

104 1581 298 1665 disputatur,
328 1603 370 1644 an
395 1580 465 1664 ipse
493 1580 555 1645 sibi
582 1601 694 1645 manus
719 1580 876 1663 attulerit3
906 1579 1013 1644 subito
1036 1581 1124 1645 enim
1143 1599 1167 1640 u

103 1671 233 1735 volnere
256 1692 314 1753 per
336 1670 457 1756 inguen
479 1672 611 1753 accepto
633 1669 805 1751 conlapsus
824 1672 885 1751 est,
904 1668 1014 1753 aliquo
1033 1669 1124 1734 dubi-

103 1763 206 1842 tante,
235 1782 277 1823 an
305 1781 392 1824 mors
422 1758 489 1824 eius
519 1759 702 1823 voluntaria
729 1760 825 1840 esset,
851 1758 956 1841 nullo,
980 1780 1023 1822 an
1045 1760 1125 1823 tem·

68 1850 235 1934 3pestiva.
286 1870 519 1932 supervacuum
552 1851 601 1913 est
632 1868 881 1912 commemorare
913 1846 1036 1931 plures,
1068 1849 1124 1932 qui

104 1961 177 2005 cum
201 1937 272 2004 aliis
295 1937 474 2003 felicissimi
495 1936 693 2019 viderentur,
715 1936 779 2019 ipsi
799 1935 886 2001 inse
905 1957 1017 2000 verum
1034 1938 1124 2002 testi·

104 2029 249 2093 monium
264 2027 414 2092 dixerunt
426 2025 534 2110 perosi
548 2046 676 2090 omnem
690 2027 798 2089 actum
809 2045 966 2089 annorum
977 2046 1124 2109 suorum3
1142 2044 1168 2085 ac

104 2118 159 2182 sed
190 2118 242 2182 his
273 2116 422 2200 querellis
452 2136 512 2179 nec
541 2115 621 2180 elios
651 2117 857 2178 mutaverunt
882 2135 942 2178 nec
965 2113 1124 2198 seipsos:

103 2228 179 2269 nam
202 2227 276 2270 cum
297 2206 395 2289 verba
417 2207 603 2288 eruperunt,
629 2203 772 2268 adfectus
795 2203 836 2267 ad
859 2203 1125 2269 consuetudinem

69 2311 86 2358 4
104 2294 299 2358 relabuntur.
343 2297 450 2358 vestra
471 2315 523 2357 me
545 2293 690 2357 hercules
713 2292 793 2375 vita,
815 2291 893 2357 licet
915 2313 1014 2376 supra
1034 2293 1125 2358 mille

105 2405 205 2447 annos
242 2386 345 2466 exeat,
381 2382 416 2447 in
453 2381 648 2447 artissimum
686 2381 906 2446 contrahetur:
946 2381 1009 2446 ista
1045 2380 1126 2446 vitia

103 2472 231 2536 nullum
261 2493 328 2535 non
360 2472 522 2537 saeculum
551 2470 763 2554 devorabunt3
792 2471 855 2536 hoc
875 2491 953 2535 uero
982 2471 1124 2554 spatium
1143 2487 1168 2530 rs

106 2561 206 2644 quod,
238 2560 383 2641 quamvis
415 2563 531 2624 natura
560 2560 674 2642 currit,
702 2560 785 2624 ratio
816 2559 943 2643 dilatat,
971 2559 1037 2625 cito
1065 2581 1124 2626 vos

105 2650 238 2734 effugiat
259 2671 387 2714 necesse
411 2653 472 2733 est3
494 2669 560 2713 non
581 2648 665 2713 enim
684 2648 881 2732 adprenditis
899 2669 960 2714 nec
978 2649 1124 2714 retinetis

194 2913 210 2967 1
226 2929 296 2968 acer.
311 2919 336 2968 ct
353 2913 504 2967 uehemens
518 2912 583 3036 Alpi
601 2913 618 2966 2
632 2912 776 2983 grachana
790 2912 818 2966 A
837 2928 900 2965 cum
914 2911 991 2982 leges
1005 2913 1034 2966 et
1048 2912 1126 2966 mala

106 2984 297 3039 (innovasset
314 3002 338 3039 v.
354 2984 380 3039 d.
395 2985 469 3039 Vliet
487 3001 550 3038 cum
580 3000 646 3054 eges
664 2999 770 3038 novans
788 2985 818 3036 et
835 2983 912 3036 mala
931 2983 978 3038 Gr.
992 2984 1126 3038 movisset

106 3057 241 3112 Schultess
257 3056 268 3129 ll
285 3055 304 3110 4
320 3070 456 3125 peragere
471 3057 551 3110 Kocb
568 3054 571 3127 l
592 3056 650 3110 iam
668 3056 736 3126 coly.
756 3057 816 3108 tam
830 3055 858 3109 A
874 3054 878 3127 l
898 3054 1048 3109 incohatas
1065 3057 1126 3110 mac

106 3129 189 3183 dubio
209 3127 252 3183 A¹
273 3127 421 3181 inchoatas
442 3126 484 3181 Αὗ
512 3127 522 3199 Η
550 3127 586 3180 12
608 3129 668 3180 tam
695 3127 760 3180 add.
779 3126 856 3181 codd.
876 3127 1024 3193 Piuciuui,
1053 3127 1126 3182 deest

105 3202 137 3254 lu
157 3201 185 3255 A
216 3199 219 3271 l
244 3199 280 3254 16
302 3216 353 3268 per
374 3199 480 3268 inguen
504 3200 564 3252 aas
586 3199 668 3253 dubio
687 3197 729 3252 A¹
750 3213 802 3266 per
824 3197 904 3267 ignes
922 3196 965 3253 A⁶
987 3199 1019 3253 s'a
1040 3214 1096 3253 ras.
1115 3197 1126 3269 Η

106 3271 174 3325 1711
216 3273 278 3341 ο(ο
293 3288 327 3326 ea
340 3273 418 3340 corr.)
433 3271 461 3325 A
477 3269 487 3341 ll
504 3269 540 3324 26
553 3269 641 3323 currit
654 3270 682 3325 A
700 3269 748 3324 ssd
765 3285 851 3338 supra
869 3269 961 3338 ripcr
974 3269 1126 3340 liqcturcm

105 3344 237 3411 scriptam
257 3341 300 3397 A¹
322 3358 339 3395 a
361 3342 587 3409 adscripsisse,
612 3357 682 3410 quac
707 3342 758 3396 liu.
779 3346 876 3410 postea
900 3340 988 3396 deleto
1013 3347 1067 3407 θείς
1091 3341 1126 3395 dc

101 3421 176 3482 pan.
215 3414 342 3482 quamvis
378 3430 440 3468 cam
470 3413 621 3468 indicativo
652 3413 748 3480 positu
778 3412 828 3477 cfr.
858 3411 942 3467 Gertz
973 3413 1007 3466 dc
1037 3411 1124 3479 benef.

106 3485 185 3608 1152,
195 3489 226 3611 Z
235 3487 275 3554 (p.
288 3487 369 3555 201);
387 3485 517 3554 exemplis
534 3485 574 3540 ibt
592 3485 688 3539 allatis
705 3483 776 3538 addc
794 3484 870 3552 epist.
885 3486 975 3551 92,17
995 3482 999 3556 Ι
1019 3483 1126 3538 ratioe‘

95 3570 136 3607 na
161 3572 179 3609 o
