2400 3840
93 178 158 244 184
288 175 319 228 L.
333 173 477 228 ANNAEI
494 172 658 229 SENECAE
677 173 772 229 DIAL.
787 173 855 228 LIB.
868 173 915 229 Vl.

92 342 154 404 que
176 340 364 405 percenseas
388 340 504 384 annos:
528 340 601 384 cum
624 320 665 384 ad
689 341 784 384 omne
806 323 934 404 tempus
953 319 1112 387 dimiseris

91 410 248 493 animum,
277 410 368 474 nulla
395 408 457 473 erit
482 407 539 472 ille
566 408 747 473 brevissimi
773 407 1018 495 longissimique
1041 410 1113 474 aevi

91 498 283 582 differentia,
311 497 339 562 si
360 497 506 582 inspecto
530 500 651 581 quanto
675 497 747 581 quis
771 497 887 563 vixerit
910 498 1014 583 spatio
1038 520 1113 564 con·

54 587 252 674 speraveris
263 586 592 671 quantononvixerit.
612 585 1113 672 deindesibimaturnsdecessit3

90 676 173 741 vixit
197 677 283 741 enim
309 679 465 760 quantum
487 675 598 740 debuit
619 675 741 759 virere,
766 676 850 741 nihil
869 675 918 740 illi
938 675 1003 740 iam
1026 677 1113 743 ultra
1147 698 1160 739 s

91 769 263 850 supererat.
299 787 367 830 non
389 787 454 829 una
476 763 662 829 hominibus
681 768 827 831 senectus
846 763 909 848 est,
931 768 969 830 ut
985 788 1027 830 ne
1046 767 1113 830 ani·

90 854 229 919 malibus
257 854 401 939 quidem:
428 854 514 919 intra
542 854 798 937 quattuordecim
827 854 984 938 quaedam
1009 877 1112 920 annos

91 943 288 1030 defetigavit,
306 948 339 1009 et
351 943 432 1008 haec
444 943 509 1007 illis
523 942 713 1029 longissima
726 946 813 1007 aetes
828 947 877 1008 est
892 965 973 1027 quae
987 942 1114 1009 homini

89 1032 207 1118 prime3
221 1033 330 1116 dispar
338 1032 454 1116 cuique
461 1032 591 1097 vivendi
599 1032 735 1097 facultas
746 1032 821 1097 date
830 1036 888 1097 est.
910 1054 1006 1097 nemo
1014 1033 1111 1098 nimis

90 1122 154 1187 cito
174 1122 325 1205 moritur,
344 1122 420 1205 quia
437 1120 581 1185 victurus
601 1121 721 1186 diutius
741 1143 838 1205 quam
856 1121 939 1186 vixit
955 1142 1023 1185 non
1039 1121 1111 1186 fuit.
1133 1145 1160 1185 ro

55 1227 71 1276 o
89 1212 173 1276 fixus
193 1214 242 1275 est
260 1211 376 1294 cuique
394 1209 564 1274 terminus:
587 1210 730 1275 manebit
748 1231 889 1294 semper,
910 1210 968 1274 ubi
985 1210 1113 1294 positus

90 1305 153 1383 est,
172 1320 232 1364 neo
250 1299 343 1363 illum
362 1298 497 1363 ulterius
516 1297 684 1383 diligentie
702 1302 760 1363 aut
778 1299 882 1385 gratia
898 1300 1111 1384 promovebit.

90 1389 137 1453 sic
163 1387 261 1470 habe,
292 1389 325 1451 te
352 1387 446 1451 illum
475 1409 515 1451 ex
542 1387 677 1453 consilio
699 1388 890 1472 perdidisse:
917 1389 994 1454 tulit
1017 1409 1112 1453 suum

341 1510 488 1577 metasque
507 1508 569 1562 dati
586 1509 716 1578 pervenit
735 1510 773 1563 ad
792 1509 864 1568 aevi.

55 1637 156 1683 enon
187 1622 236 1683 est
267 1617 377 1702 itaque
410 1617 496 1702 quod
528 1618 574 1684 sic
605 1621 639 1683 te
670 1640 796 1684 oneres:
833 1619 958 1703 ‘potuit
990 1618 1111 1684 diutius
1134 1643 1160 1683 rs

89 1706 217 1773 vivere?
261 1728 329 1772 non
356 1711 405 1772 est
433 1707 613 1791 interrupte
636 1707 704 1773 eius
727 1709 794 1772 vita
816 1730 876 1773 nec
894 1729 1053 1792 *umquam
1077 1732 1111 1774 se

89 1795 181 1861 annis
209 1818 302 1862 casus
330 1796 478 1862 interibit.
515 1796 652 1861 solvitur
675 1797 762 1881 quod
781 1798 897 1882 cuique
915 1798 1112 1882 promissum

89 1889 151 1970 est3
179 1890 257 1951 eunt
283 1886 337 1950 via
364 1907 422 1951 sua
448 1887 516 1951 fata
544 1907 605 1951 nec
627 1886 771 1951 adiciunt
794 1888 966 1971 quicquam
988 1908 1049 1952 nec
1072 1909 1113 1952 ex

89 1976 259 2060 promisso
276 1977 376 2041 semel
404 1975 544 2040 demunt.
589 1972 710 2040 frustra
732 1979 809 2040 vote
831 1997 869 2042 ec
892 1976 999 2041 studia
1022 1980 1112 2042 sunt:

88 2064 222 2130 habebit
240 2065 376 2149 quisque
395 2068 552 2148 quantum
570 2064 620 2128 illi
638 2065 705 2130 dies
718 2064 842 2148 primus
857 2063 1035 2149 adscripsit.
1072 2087 1113 2131 ex
1132 2089 1159 2128 co

88 2153 145 2217 illo
171 2175 236 2237 qno
259 2152 400 2237 primum
422 2154 528 2219 lucem
551 2153 647 2236 vidit,
669 2153 730 2218 iter
748 2153 861 2219 mortis
881 2153 1043 2239 ingressus
1063 2158 1113 2219 est

89 2242 286 2326 accessitque
316 2242 383 2307 fato
413 2242 546 2326 propior
576 2246 609 2307 et
637 2242 687 2306 illi
715 2241 779 2326 ipsi
807 2243 863 2326 qui
891 2242 1113 2308 adiciebantur

55 2329 325 2395 indolescentiae
349 2332 425 2394 amri
447 2331 533 2394 vitae
557 2329 815 2396 detrahebantur.
856 2332 891 2396 in
913 2333 976 2396 hoc
999 2353 1111 2398 omnes

89 2440 196 2483 errore
214 2441 391 2504 versamur,
410 2422 448 2483 ut
469 2440 536 2483 non
554 2422 705 2502 putemus
724 2419 764 2484 ad
783 2424 920 2486 mortem
939 2421 1003 2486 nisi
1019 2442 1111 2487 senes

89 2507 325 2591 inclinatosque
347 2508 412 2572 iam
436 2529 581 2594 vergere,
608 2528 682 2573 cum
704 2509 762 2573 illo
786 2509 922 2574 infantie
945 2509 1055 2575 statim
1080 2514 1113 2576 et
1131 2534 1158 2574 rs

89 2597 234 2680 iuventa,
264 2597 369 2661 omnis
400 2600 487 2662 aetas
517 2598 607 2662 ferat.
658 2602 760 2684 agunt
791 2596 895 2686 opus}
904 2619 998 2664 suum
1028 2599 1112 2665 fate:

178 2771 214 2826 14
232 2773 310 2843 Vcrp.
326 2771 396 2827 Aee.
412 2774 444 2828 X
456 2776 510 2829 472

177 2897 195 2952 2
213 2897 373 2953 breuissimi
386 2900 418 2953 F
434 2916 495 2953 -ma
512 2900 541 2955 A
566 2899 570 2972 l
603 2900 622 2954 4
644 2899 700 2954 sibi
724 2901 851 2954 maturus
872 2900 993 2971 Modrrip
1018 2899 1043 2954 si
1068 2900 1111 2954 in·

88 2972 215 3025 maturus
229 2971 258 3026 A
275 2969 285 3043 ll
303 2970 392 3024 biam
407 2971 438 3025 F
452 2973 513 3026 tam
527 2972 555 3027 A
580 2971 584 3043 Ι
601 2971 618 3026 8
633 2970 803 3042 defetigauit
816 2971 845 3025 A
863 2973 936 3041 quod
948 2972 1019 3038 ferri
1029 2987 1112 3040 posse

83 3047 154 3110 pato
177 3041 318 3113 defatigat
337 3043 398 3096 vita
417 3044 537 3113 Modoip
580 3041 755 3112 efetigantor
767 3043 799 3097 F
813 3049 840 3097 et
855 3043 924 3113 volp.
949 3042 961 3116 {l
985 3042 1020 3096 12
1043 3042 1110 3096 dili·

88 3114 215 3182 gentiam
228 3113 389 3169 ntA²corr.
400 3112 443 3168 A¹
477 3113 513 3168 18
528 3113 568 3167 sic
581 3112 656 3167 habe
670 3116 721 3183 (ito
734 3115 793 3168 iam
807 3115 921 3184 Haase),
936 3115 965 3168 te
979 3112 1061 3168 illum
1076 3130 1111 3168 ex

89 3185 205 3239 consilio
219 3184 377 3255 perdidisse
392 3187 446 3240 Ma
482 3187 511 3255 ip
527 3185 567 3238 sio
580 3183 688 3239 habent
701 3184 782 3239 illum
795 3184 914 3239 ulterius
929 3184 1110 3256 diligentiam

88 3256 240 3311 exconsilio
259 3256 417 3325 perdidisse
430 3257 495 3311 AF
509 3255 550 3309 sic
567 3255 654 3323 habe,
673 3258 702 3309 te
720 3255 802 3311 illum
818 3255 927 3310 altioris
942 3257 1111 3327 diligentiae

89 3341 123 3380 ex
141 3327 258 3382 oonsilio
276 3327 434 3396 perdidisse
447 3326 584 3382 &balmes
601 3327 642 3380 sic
659 3325 746 3392 habe,
765 3327 807 3382 nil
819 3327 900 3382 illum
915 3328 1001 3383 exitio
1014 3329 1111 3397 perdi-

89 3397 163 3454 disse
182 3399 328 3469 Niemeyer
351 3401 396 3468 (ex
414 3397 468 3451 fati
487 3397 603 3453 consilio
621 3414 707 3470 usurp.
722 3399 763 3454 ed.
777 3400 871 3469 depes)
931 3398 966 3455 li
986 3414 1069 3453 casus
1082 3401 1115 3455 F

86 3470 153 3536 reip.
176 3467 288 3522 casibus
302 3469 359 3597 A]
376 3467 412 3523 18
429 3469 476 3523 via
490 3469 587 3524 Haase
604 3472 637 3523 nt
650 3470 714 3524 AF
733 3469 762 3523 vi
780 3471 848 3541 culp.
866 3469 878 3543 ll
948 3469 1067 3526 habebit
1081 3472 1114 3526 F

70 3539 139 3603 ιναζα.
160 3538 317 3595 habebunt
374 3539 443 3616 [126
462 3541 554 3614 agunt
569 3542 665 3600 eret
683 3542 778 3613 agurii
792 3544 820 3598 A
836 3542 949 3612 augurii
967 3554 986 3597 ς
