2400 3840
272 540 573 614 CONSPEOTUS
603 541 855 615 SIGLORUM.

131 698 160 751 A
174 696 262 751 codex
279 694 484 750 Ambrosianus
503 695 523 750 O
542 707 573 750 n⁰
589 701 624 750 90
643 713 716 751 saec.
734 698 768 750 nt
785 696 897 751 videtur
914 697 960 750 XI.

130 778 221 831 A1-⁶
235 778 404 831 correctores
423 776 484 830 cod.
503 777 531 831 A
549 777 726 845 posteriores.

132 858 160 912 L
174 856 262 912 codex
279 856 485 911 Laurentianus
500 862 543 923 ⁷6,
554 861 587 910 32
607 855 821 929 saecXHsXHI
833 857 865 911 in
876 856 958 911 libris
972 857 1007 912 de
1021 858 1077 914 ira.

129 938 161 992 F
172 937 233 993 cod.
243 937 422 992 Florentinus
433 936 525 1007 (Laur.
537 941 579 1002 76,
588 942 622 991 41
634 953 706 991 saec.
716 936 778 1008 XV)
792 937 823 991 in
833 937 1076 994 consolationibus

174 1017 212 1072 ad
230 1017 368 1071 Marciam
386 1017 416 1070 et
432 1014 582 1085 Polybium
601 1017 721 1086 scriptis.

129 1101 157 1154 B
172 1098 232 1154 cod.
244 1095 433 1151 Berolinensis
443 1095 623 1166 (M.Lat.Fol.
631 1098 676 1166 47)
686 1113 758 1152 saec.
768 1094 833 1150 XIV

127 1180 195 1234 DE
207 1177 318 1233 codices
336 1175 560 1231 Mediolanenses
579 1192 651 1231 saec.
661 1175 726 1230 XIV
952 1214 957 1225 .

125 1259 159 1312 H
170 1257 231 1313 cod.
268 1255 438 1311 Hauniensis
481 1255 535 1328 (cl.
564 1256 628 1326 Kgl.
653 1257 739 1327 Smlg.
764 1256 832 1327 osb)
867 1231 1061 1350 consoffiffione

207 1353 280 1393 saec.
291 1336 342 1391 XV

135 1416 233 1471 reos.
252 1416 481 1472 cananense
508 1416 587 1488 (osor.
613 1434 670 1488 reg.
692 1417 731 1472 Ν
752 1418 781 1471 s.
806 1420 832 1488 a)
945 1373 983 1427 ω

209 1512 280 1552 saec.
290 1496 355 1550 XIV

134 1577 160 1633 G
175 1577 235 1632 cod.
255 1576 492 1647 Guelferbytanus
511 1577 593 1648 (Gud.
605 1579 648 1647 10)
669 1594 739 1632 saec.
750 1577 815 1631 XIV

143 1657 301 1713 scoticum
321 1657 492 1713 deteriorum
511 1658 568 1713 sive
586 1675 659 1712 unus
680 1658 737 1712 sive
755 1658 858 1728 plures.

56 1747 89 1800 In
107 1749 204 1802 textu
222 1746 366 1801 inclinatis
384 1747 487 1802 litteris
506 1748 644 1817 impressa
659 1747 854 1802 additamenta
869 1750 935 1803 sunt
947 1749 1074 1806 viromm

55 1827 309 1977 quadffgtcinfficis
338 1907 378 1980 []
412 1924 447 1962 ea
480 1907 670 1976 circumclusi,
706 1924 779 1977 quae
811 1909 907 1977 spuria
939 1925 999 1963 esse
1031 1911 1078 1965 vi-

56 1988 276 2136 obliqffiEaffis
295 2074 330 2136 <
347 2072 382 2136 >
402 2069 508 2138 saepsi,
527 2085 601 2137 quac
628 2068 659 2123 in
679 2068 758 2123 codd.
787 2067 985 2135 deterioribus,
1014 2087 1074 2124 non

126 2149 157 2202 in
174 2149 202 2203 A
220 2149 354 2219 leguntur

55 2237 88 2291 In
107 2239 279 2306 apparatu
297 2236 422 2291 critico
440 2237 486 2291 his
504 2237 585 2293 uncis
604 2241 640 2306 <
656 2240 691 2305 >
714 2236 824 2292 inclusa
850 2238 951 2316 avinis
979 2237 1074 2293 doctis

127 2317 259 2387 suppleta
277 2319 343 2371 sunt

886 1452 1045 1524 Polybium.

55 2397 96 2470 ss(
113 2413 238 2465 rasuras,
257 2396 272 2430 *
290 2397 536 2466 transpositiones,
555 2397 605 2427 ***
623 2397 740 2452 lacunas
758 2397 887 2452 indicant

55 2479 86 2533 in
104 2478 173 2532 cod.
188 2477 214 2531 A
233 2478 409 2545 scriptura
427 2476 539 2531 litterae
557 2477 712 2532 inclinatae
727 2494 744 2532 a
758 2480 913 2533 correctore
927 2479 957 2532 in
971 2493 1073 2533 rasura

127 2558 249 2627 scriptae
268 2559 346 2625 sunt,
365 2557 470 2612 lineola
492 2557 495 2630 Ι
515 2557 600 2612 finem
617 2575 713 2613 versus
731 2558 847 2613 indicat.
