2400 3840
237 166 288 221 nn
306 164 539 221 consumam
558 164 746 220 SAPIENTIS
765 164 843 225 cnr.
859 172 901 222 re.
918 173 951 221 ιι
1061 169 1104 234 41

84 313 165 378 illud
189 313 276 398 quod
295 311 491 378 contumelia
509 311 648 377 dicitur?
679 312 714 376 in
727 311 842 396 capitis
860 311 925 378 mei
942 311 1106 377 levitatem

83 405 207 468 iocatus
240 405 289 467 est
315 405 347 466 et
374 402 409 466 in
436 401 604 467 oculorum
627 401 837 466 valitudinem
865 405 897 466 et
919 401 954 466 in
976 423 1107 467 crurum

84 492 297 578 gracilitatem
320 491 409 556 etin
432 494 602 556 staturam:
625 512 707 574 quae
730 491 925 556 contumelia
948 490 1107 573 estquod

83 585 216 666 apparet
244 579 376 645 audire?
420 601 529 645 coram
558 601 624 644 uno
654 579 777 664 aliquid
805 581 927 646 dictum
956 580 1108 664 ridemus,

52 690 193 736 scoram
229 670 376 754 pluribus
417 669 637 754 indignamur,
678 672 710 734 et
751 690 862 733 eorum
902 669 973 735 aliis
1012 670 1106 734 liber-

82 763 182 823 tatem
228 780 295 822 non
341 758 568 842 relinquimus,
610 780 691 841 quae
729 758 792 842 ipsi
831 759 865 822 in
900 780 960 824 nos
1002 759 1107 824 dicere

84 848 301 932 adsuevimus3
342 847 422 912 iocis
463 847 649 931 temperatis
691 847 900 930 delectamur,
935 847 1107 913 inmodicis

85 959 261 1002 irascimur.

172 1023 274 1090 XVlI.
303 1023 501 1110 Chrysippus
525 1024 571 1089 ait
594 1024 752 1108 quendam
775 1024 994 1110 indignatum,
1019 1027 1106 1108 quod
1128 1045 1141 1092 1

36 1137 64 1176 ιο
82 1116 173 1180 illum
207 1114 324 1197 aliquis
352 1135 517 1179 vervecem
550 1115 711 1178 marinum
743 1114 875 1178 dixerat.
928 1115 963 1178 in
994 1118 1106 1180 senatu

81 1205 212 1270 flentem
245 1205 385 1269 vidimus
426 1202 542 1268 Fidum
581 1201 779 1287 Oomelium,
818 1203 960 1269 Nasonis
999 1201 1107 1268 Ovidii

81 1315 248 1380 generum,
265 1315 339 1359 cum
358 1294 451 1358 illum
467 1291 606 1358 Corbulo
625 1292 912 1358 struthocamelum
930 1292 1107 1376 depilatum

81 1384 228 1465 dixisset3
254 1383 405 1448 adversus
429 1383 492 1447 alia
518 1383 689 1448 maledicta
717 1404 822 1448 mores
850 1386 883 1447 et
909 1382 1010 1446 vitam
1032 1402 1107 1447 con-

80 1473 282 1538 vulnerantia
304 1472 421 1537 frontis
447 1472 498 1536 illi
524 1473 660 1538 firmitas
684 1473 843 1556 constitit,
865 1472 1017 1537 adversus
1043 1470 1107 1536 hoc

35 1581 62 1622 rs
80 1565 147 1626 tam
178 1561 351 1626 absurdum
380 1561 531 1625 lacrimae
558 1561 778 1645 prociderunt:
806 1564 897 1625 tanta
925 1562 1106 1625 animorum

81 1650 274 1714 inbecillitas
302 1653 365 1732 ert,
390 1650 448 1714 ubi
475 1650 559 1713 ratio
583 1649 736 1715 discessit.
783 1649 875 1733 quid,
898 1650 985 1733 quod
1009 1650 1142 1714 offen-a

83 1737 203 1818 dimur,
234 1737 262 1802 si
294 1738 367 1821 quis
404 1759 584 1803 sermonem
614 1742 762 1804 nostrum
790 1739 948 1821 imitatur,
976 1739 1004 1804 si
1034 1739 1106 1821 quis

83 1826 257 1907 incessum,
285 1826 313 1891 si
341 1826 413 1908 quis
436 1826 552 1890 vitium
575 1827 707 1910 aliquod
730 1827 874 1911 corporis
898 1831 954 1890 aut
975 1828 1106 1912 linguae

83 1913 256 1997 exprimit?
301 1915 394 1998 quasi
416 1913 544 1979 notiora
567 1916 623 1979 illa
646 1916 726 1980 fiant
748 1915 812 1978 alio
839 1915 985 1978 imitante
1009 1936 1106 1997 quam

35 2025 63 2064 ao
82 2004 176 2069 nobis
205 2003 411 2069 facientibus!
458 2006 654 2069 senectutem
685 2003 815 2087 quidam
848 2003 942 2066 inviti
972 2002 1107 2067 audiunt

82 2097 114 2158 et
142 2114 238 2159 canos
267 2097 299 2157 et
326 2093 390 2157 alia
413 2093 453 2157 ad
477 2114 558 2176 quae
580 2095 658 2156 voto
681 2093 880 2175 pervenitur3
908 2092 1105 2175 paupertatis

82 2183 288 2247 maledictum
312 2181 469 2265 quosdam
492 2182 646 2266 perussit,
674 2202 770 2265 quam
794 2181 856 2246 sibi
880 2182 998 2246 obiecit
1020 2182 1106 2266 quis-

82 2272 154 2356 quis
177 2271 358 2337 abscondit:
381 2272 490 2355 itaque
514 2272 647 2335 materia
667 2271 886 2355 petulantibus
905 2274 938 2336 et
955 2292 1013 2355 per
1031 2292 1105 2336 con-

80 2361 246 2425 tumeliam
278 2361 410 2426 urbanis
443 2361 633 2443 detrahitur,
665 2362 694 2426 si
724 2361 811 2425 ultro
839 2361 929 2424 illam
957 2364 989 2425 et
1016 2361 1105 2444 prior

35 2468 61 2510 as
82 2471 233 2534 occupes3
258 2472 354 2514 nemo
383 2450 484 2516 risum
506 2451 654 2533 praebuit
677 2450 733 2534 qui
756 2473 796 2515 cx
819 2471 853 2516 se
875 2450 969 2533 oepit.
1015 2448 1105 2514 Vati·
1124 2466 1139 2512 3

80 2539 185 2619 nium,
207 2539 371 2603 hominem
395 2542 507 2603 natum
526 2543 558 2604 et
576 2539 617 2604 ad
640 2540 741 2605 risum
760 2543 792 2605 et
811 2539 851 2604 ad
870 2540 996 2623 odium,
1018 2560 1105 2608 sour-

80 2649 150 2691 ram
172 2627 271 2693 fuisse
295 2631 327 2692 ct
340 2632 511 2693 venustum
530 2650 568 2694 ac
583 2628 725 2695 dicacem
743 2629 917 2693 memoriae
939 2627 1104 2713 proditum

81 2719 137 2781 est.
183 2717 218 2780 in
244 2716 342 2800 pedes
371 2739 445 2782 suos
473 2718 542 2801 ipse
568 2718 709 2800 plurima
736 2718 861 2783 dicebat
884 2721 916 2782 et
939 2719 974 2781 in
995 2717 1104 2782 fauces

81 2806 239 2870 concisas:
272 2806 318 2871 ric
346 2806 565 2890 inimicorum,
598 2829 679 2891 quoe
706 2807 814 2890 plures
841 2807 980 2871 habebat
1007 2827 1103 2889 quam

35 2915 61 2954 ao
80 2895 226 2978 morbos,
253 2898 285 2958 et
312 2895 347 2959 in
374 2895 488 2978 primis
512 2894 675 2961 Ciceronis
701 2896 916 2961 urbanitatem
940 2895 1102 2981 effugerat.

168 3103 187 3158 8
206 3121 261 3174 que
274 3106 303 3160 A
351 3104 366 3159 7
386 3105 567 3160 adsueuimus
586 3123 655 3161 corr.
670 3108 702 3161 ia
720 3121 778 3160 ass·
796 3103 1103 3178 fortA¹1110berbe

80 3191 140 3230 cem
155 3176 183 3230 A
200 3193 268 3231 corr.
284 3188 302 3230 ς
347 3175 383 3230 12
396 3177 555 3245 depilatum
568 3179 596 3233 A
615 3178 676 3232 tolli
693 3178 750 3232 volt
767 3178 851 3233 Gertz
868 3185 1009 3246 tamquam
1027 3183 1104 3231 cetae

79 3247 298 3302 additamentam
326 3248 522 3316 deplumatum
542 3249 662 3318 Bentley
687 3247 698 3320 tl
723 3248 758 3303 la
779 3249 867 3303 vitam
890 3250 959 3319 vulp.
978 3248 1044 3302 inde
1067 3249 1102 3302 ab

80 3318 207 3373 Eraem.²
220 3319 293 3373 uitia
307 3321 335 3375 A
354 3319 358 3392 t
379 3322 408 3374 et
423 3319 657 3374 conuulnerantia
669 3321 697 3375 A
710 3320 758 3376 sed
776 3323 806 3375 et
819 3326 916 3389 postea
934 3319 1049 3373 deletum
1063 3327 1103 3374 ert

79 3388 140 3443 eius
162 3405 244 3444 conv-
266 3390 348 3446 Gertz
370 3390 381 3463 ΙΙ
405 3391 440 3445 20
458 3391 573 3460 quidem
588 3393 616 3447 A
634 3408 703 3446 corr.
723 3391 792 3462 oolq.
810 3391 829 3475 lt
838 3390 876 3444 25
893 3388 977 3460 cepit
993 3391 1024 3442 A
1036 3391 1121 3440 saca

79 3461 174 3528 coepit
189 3462 268 3517 Koch
284 3461 295 3534 tt
317 3461 352 3518 27
372 3464 401 3516 et
418 3464 568 3517 venustum
583 3463 611 3519 A
630 3464 662 3519 et
680 3464 720 3536 t:
734 3465 766 3520 et
784 3462 911 3533 quidem
928 3460 987 3526 etr.
1003 3456 1146 3524 o-bffi's

78 3533 155 3601 epist,
165 3533 204 3587 H.
211 3549 244 3601 p.
254 3537 298 3602 97,
309 3539 344 3601 6,·
356 3537 419 3604 124,
430 3538 477 3608 15)
496 3538 577 3610 votpo
598 3537 710 3598 deletor
