2400 3840
80 196 131 251 AD
145 195 320 251 SERENVM
328 196 378 250 DE
389 195 709 262 TRANQVILLITATE
719 197 829 252 ANIMI
838 196 914 252 OAP.
925 203 966 252 13.
976 204 1011 252 14
1033 201 1098 267 271

80 347 202 426 noster,
232 363 305 407 oum
336 341 444 406 omnia
473 363 531 406 sua
554 342 680 407 audiret
703 342 880 409 submersa:
911 343 1030 409 ‘iubet'
1053 344 1100 409 in·

81 433 152 515 quit
182 432 246 497 ‘me
275 432 406 496 fortuna
429 431 608 515 expeditius
630 431 873 516 philosophari?
917 433 1101 498 minabatur

79 520 249 586 Theodoro
276 519 472 605 philosopho
500 529 656 604 tyrannus
685 525 823 586 mortem
847 525 879 586 et
902 523 1031 605 quidem
1053 523 1100 587 in·

79 612 253 695 sepultam:
289 608 418 674 ‘habes'
452 609 560 692 inquit
594 609 666 675 ‘eur
699 609 761 674 tibi
794 611 936 695 placeas,
970 611 1100 676 hemina

47 721 60 761 s
79 700 245 786 sanguinis
263 699 298 762 in
316 702 372 762 tua
389 701 549 781 potestate
568 702 630 782 est,
647 720 723 762 nam
743 698 829 782 quod
847 700 887 764 ad
902 701 1099 784 sepulturam

78 790 232 873 pertinet,
263 810 281 853 o
305 790 338 851 te
360 787 521 870 ineptum,
551 787 579 852 si
601 790 696 871 putas
719 811 790 853 mea
812 788 980 872 interesse,
1003 811 1100 874 supra

78 886 197 942 terram
216 900 258 941 an
276 876 360 941 infra
378 876 582 960 putrescam?
618 877 729 941 Kanus
749 875 863 961 Iulius,
884 877 934 942 vir
952 877 1099 962 inprimis
1117 895 1135 944 4

79 988 229 1053 magnus,
248 965 338 1031 euius
358 965 563 1030 admirationi
579 988 621 1030 ne
638 965 701 1030 hoo
721 966 849 1048 quidem
868 970 990 1051 opstat,
1013 968 1100 1052 quod

78 1060 189 1120 nostro
224 1056 351 1120 saeeulo
385 1058 481 1119 natus
516 1059 579 1138 est,
614 1076 686 1119 eum
718 1053 796 1120 Gaio
832 1055 888 1119 diu
917 1057 1099 1140 altercatus,

33 1168 59 1206 ιο
78 1149 250 1230 postquam
278 1144 410 1209 abeunti
432 1143 578 1208 Phalaris
601 1143 657 1208 ille
680 1144 774 1208 dixit:
805 1144 860 1209 ‘ne
882 1145 966 1210 forte
989 1145 1100 1229 inepta

78 1256 134 1318 spe
157 1233 216 1299 tibi
239 1233 426 1316 blandiaris,
450 1233 525 1298 duci
538 1237 570 1298 te
589 1233 693 1316 iussi’,
717 1233 869 1320 ‘gratias'
887 1234 994 1318 inquit
1012 1235 1098 1320 ‘ag0,

78 1324 199 1408 optime
228 1322 399 1408 princeps?
450 1321 528 1406 quid
561 1322 695 1388 senserit
724 1322 851 1407 dubito,
881 1324 984 1388 multa
1013 1324 1134 1388 enims

77 1413 157 1477 mihi
180 1417 367 1478 oeeurruntz
391 1411 642 1477 oontumeliosus
662 1433 731 1476 esse
749 1412 854 1478 voluit
872 1416 904 1478 et
923 1414 1098 1496 ostendere,

77 1506 198 1585 quanta
221 1501 392 1567 erudelitas
416 1503 512 1583 esset,
540 1501 575 1564 in
598 1522 663 1584 qua
683 1523 771 1566 mors
795 1501 986 1567 beneficium
1009 1501 1100 1567 erat?

33 1612 58 1652 15
77 1614 118 1654 an
148 1590 354 1674 exprobravit
383 1588 432 1652 illi
462 1588 656 1653 cotidianam
684 1589 899 1655 dementiam?
944 1588 1099 1678 (agebant

77 1679 162 1743 enim
191 1679 311 1763 gratias
342 1681 374 1743 et
398 1698 535 1759 quorum
558 1677 653 1742 liberi
676 1679 774 1743 oeeisi
797 1682 829 1743 et
852 1701 990 1764 quorum
1013 1680 1099 1746 bona

77 1767 183 1831 ablata
206 1763 311 1853 erant)
335 1788 377 1830 an
399 1769 565 1850 tamquam
587 1766 770 1831 libertatem
793 1767 931 1832 libenter
953 1770 1098 1852 aceepit?

78 1855 232 1939 quioquid
262 1859 325 1938 est,
353 1877 471 1940 magno
502 1855 610 1919 animo
640 1855 814 1939 respondit.
861 1857 945 1921 dicet
968 1856 1133 1940 aliquists

77 1944 200 2028 ‘potuit
217 1949 292 2029 post
310 1944 373 2009 hoe
390 1943 500 2008 iubere
518 1945 612 2008 illum
630 1942 727 2009 Gaius
746 1944 873 2009 vivere?
909 1967 975 2009 non
988 1945 1099 2010 timuit

31 2057 58 2096 ao
76 2034 139 2099 hoo
169 2031 288 2117 Canus,
322 2037 400 2098 nota
436 2037 504 2097 erat
534 2030 593 2098 Gn·
621 2033 657 2097 in
684 2033 804 2098 talibus
834 2033 977 2119 imperiis
1009 2034 1097 2099 fides.

76 2122 219 2188 credisne
256 2123 350 2187 illum
385 2122 494 2187 deeem
531 2121 654 2187 medios
690 2144 792 2205 usque
827 2122 867 2187 ad
901 2122 1097 2208 supplicium

76 2212 142 2277 dies
173 2212 242 2278 sine
271 2213 339 2277 ulla
368 2211 584 2277 sollieitudine
614 2210 779 2297 exegisse?
829 2210 1002 2277 verisimile
1031 2233 1098 2277 non

76 2306 138 2384 est,
169 2323 250 2386 quae
273 2301 323 2365 vir
344 2301 399 2366 ille
423 2301 554 2384 dixerit,
581 2322 663 2385 quae
686 2301 812 2385 feeerit,
835 2322 932 2385 qnam
955 2301 990 2366 in
1012 2304 1097 2366 tran-

76 2391 176 2473 quillo
200 2391 304 2456 fuerit.
341 2391 474 2456 ludebat
495 2390 701 2474 latrunculis,
723 2412 798 2456 eum
817 2390 962 2456 centurio
982 2408 1133 2477 agmen?

29 2501 56 2540 as
74 2478 291 2564 periturorum
327 2481 458 2544 trahens
495 2480 589 2544 illum
629 2500 757 2564 quoqne
795 2479 928 2545 exultari
963 2479 1096 2546 iuberet.

74 2571 206 2632 vocatus
229 2568 411 2632 numeravit
433 2569 573 2634 ealoulos
597 2572 629 2634 et
652 2567 754 2634 sodali
773 2591 845 2635 suo:
869 2569 972 2635 ‘vide'
990 2570 1098 2654 inquit

75 2656 131 2720 ‘ne
167 2660 242 2740 post
275 2661 413 2721 mortem
446 2679 550 2722 meam
589 2657 753 2723 mentiaris
785 2661 818 2724 te
849 2658 990 2743 vieisse'3
1025 2665 1096 2724 tum

75 2766 218 2810 annuens
247 2746 440 2811 centurioni:
470 2746 592 2811 ‘testis'
614 2747 721 2831 inquit
744 2747 822 2812 ‘eris
845 2770 911 2812 uno
934 2771 986 2813 me
1009 2751 1096 2813 ante-

74 2833 207 2901 oedere.'
251 2835 367 2900 lusisse
394 2838 431 2899 tu
455 2832 578 2901 Canum
601 2835 658 2901 illa
680 2836 790 2901 tabula
811 2836 929 2922 putas?
973 2837 1094 2901 inlusit.

28 2946 55 2985 ao
73 2924 182 2989 tristes
206 2927 297 2989 erant
319 2923 414 2988 amici
432 2924 530 2989 talem
550 2925 698 2990 amissuri
716 2925 834 2991 uirum:
858 2925 951 3010 ‘quid
970 2925 1096 2990 maesti'
1114 2940 1132 2989 8

74 3013 181 3099 inquit
204 3013 318 3079 ‘estis?
354 3035 412 3078 vos
436 3013 589 3097 quaeritis
608 3037 649 3078 an
667 3014 854 3081 inmortales
873 3015 997 3080 animae
1017 3014 1096 3098 sint,

163 3206 182 3261 4
203 3207 329 3280 hemina]
353 3207 414 3262 uide
435 3208 541 3277 Mayor
558 3207 657 3262 doura.
681 3208 715 3275 of
732 3208 832 3263 Philet.
854 3209 930 3262 VIII
952 3210 994 3261 16.
1013 3205 1096 3278 263t1

76 3279 89 3332 7
109 3278 206 3333 Kanus
220 3280 249 3334 A
266 3280 315 3334 hoe
333 3281 403 3346 loeo,
421 3279 468 3333 sed
486 3278 566 3345 iufra
584 3279 710 3334 omuibus
723 3279 789 3333 locis
802 3295 900 3333 nomeu
915 3276 1066 3346 perosor.
1086 3285 1096 3340 ΙΙ

74 3349 109 3403 15
132 3349 176 3404 illi
194 3352 222 3404 A
247 3349 327 3404 illam
352 3350 435 3405 Gertz
456 3350 580 3417 frustm
605 3351 664 3419 (cfr.
688 3348 1035 3415 mantolomaus.
1056 3365 1093 3403 oe.

76 3421 175 3490 Gymn.
191 3421 368 3476 XXXVIII
383 3425 454 3476 1887
467 3437 498 3489 p.
512 3423 577 3490 852)
596 3420 606 3493 ll
623 3420 659 3474 25
676 3419 788 3476 iuberet
800 3422 828 3474 A
847 3420 920 3489 qaod
937 3426 1013 3475 teneo
1032 3420 1093 3490 (cfr.

78 3491 258 3548 Woldoestel:
276 3492 309 3547 de
327 3494 533 3548 eumatiatoram
546 3493 738 3560 asporatius
751 3497 892 3548 eructare
904 3509 956 3559 up.
968 3491 1110 3546 semesa

73 3562 151 3618 Dies.
167 3564 234 3618 Hal.
250 3567 321 3618 1888
333 3580 364 3634 p.
380 3565 425 3636 30)
444 3563 525 3620 iubet
541 3565 639 3622 Mutet
