2400 3840
87 201 129 266 96
285 195 472 251 caussas
489 193 653 250 enuncia
671 193 911 250 annnam.

88 343 121 407 di
153 342 365 425 immortales,
396 341 452 424 qui
483 361 543 406 nec
571 341 688 405 volunt
719 340 832 405 obesse
862 360 923 405 nec
954 345 1113 427 possunt,

88 435 203 496 natura
232 431 317 496 enim
347 430 411 495 iilis
439 430 526 495 mitis
555 433 588 495 et
614 429 740 514 placida
763 433 826 513 est,
847 433 915 494 tam
938 428 1042 516 longe
1064 453 1113 496 re-

53 525 177 587 amota
200 520 240 585 ab
263 520 368 585 aliena
389 520 507 583 iniuria
529 539 626 601 quam
650 541 669 582 a
691 539 757 583 sua.
803 519 968 584 dementes
995 518 1113 604 itaque

89 613 121 674 et
151 610 255 695 ignari
283 608 427 674 veritatis
454 608 519 672 illis
546 609 710 691 imputant
732 607 899 672 saevitiam
921 607 1040 693 maris,
1065 608 1112 673 in·

88 699 232 763 modicos
251 698 384 781 imbres,
404 697 614 782 pertinaciam
632 695 762 780 hiemis,
781 717 856 762 cum
872 696 1006 761 interim
1026 697 1112 762 nibil
1138 718 1147 759 a

88 786 204 853 horum
234 809 315 871 quae
344 786 438 851 nobis
467 788 586 851 nocent
607 789 808 869 prosuntque
830 784 871 850 ad
892 806 953 850 nos
977 788 1111 872 proprie

89 876 259 962 derigatur.
295 898 362 941 non
384 875 471 940 enim
493 895 553 938 nos
578 895 673 939 causa
695 875 816 939 mundo
835 894 947 939 sumus
965 874 1110 941 hiemem

88 970 305 1049 aestatemque
326 964 499 1029 referendi:
538 983 611 1028 suas
634 964 698 1028 ista
719 965 807 1050 leges
829 962 967 1047 habant,
989 964 1110 1048 quibua

88 1055 196 1120 divina
232 1056 428 1120 exercentur.
482 1052 579 1117 nimis
614 1074 675 1116 nos
711 1051 917 1137 suspicimus,
955 1051 985 1117 si
1018 1053 1111 1140 digni

86 1144 180 1209 nobis
212 1144 359 1209 videmur
387 1145 521 1226 propter
550 1162 631 1224 quos
660 1145 752 1206 tanta
778 1144 978 1207 moveantur.
1026 1142 1111 1207 nibil
1125 1164 1145 1206 a

88 1255 164 1320 argo
183 1232 299 1297 horum
323 1233 358 1295 in
375 1235 519 1296 nostram
537 1230 687 1294 miuriam
706 1230 758 1313 fit,
775 1230 875 1296 immo
892 1233 1008 1296 contra
1027 1231 1111 1297 nihil

53 1337 154 1386 anon
184 1320 224 1384 ad
254 1321 400 1385 salutem.
450 1319 605 1403 quaedam
629 1339 699 1384 esse
722 1319 861 1385 diximus
885 1339 969 1403 quae
991 1341 1110 1387 nocere

87 1432 155 1475 non
183 1409 324 1493 possint,
347 1407 503 1492 quaedam
527 1430 608 1492 quae
630 1408 745 1473 nolint.
790 1409 825 1472 in
846 1407 887 1472 iis
910 1412 1008 1474 erunt
1032 1408 1111 1476 boni

89 1497 296 1582 magistratus
327 1499 539 1582 parentesque
577 1501 610 1562 et
645 1500 869 1582 praeceptores
905 1500 938 1562 et
975 1498 1111 1583 iudices,

90 1607 228 1670 quorum
260 1585 428 1673 castigatio
462 1587 508 1652 sic
537 1586 723 1671 accipienda
752 1590 802 1652 est
831 1585 997 1670 quomodo
1032 1590 1143 1655 scal-a

88 1675 211 1759 palium
235 1678 267 1740 et
289 1674 483 1740 abstinentia
505 1679 537 1740 et
560 1676 623 1740 alia
646 1697 728 1759 quae
752 1675 923 1760 profutura
943 1678 1111 1760 torquent

54 1764 195 1830 suffecti
218 1784 329 1830 sumus
352 1785 469 1848 poena:
498 1768 663 1829 succurrat
684 1786 752 1828 non
773 1767 901 1829 tantum
925 1765 1007 1846 quid
1030 1767 1113 1851 pati-

89 1876 194 1936 amur,
216 1853 272 1919 sed
296 1853 374 1937 quid
396 1853 580 1938 fecerimus,
602 1854 638 1917 iu
660 1853 830 1919 consilium
854 1853 893 1917 de
910 1852 982 1918 vita
999 1860 1113 1921 nostra

89 1945 270 2027 mittamur3
291 1944 319 2008 si
337 1941 434 2008 modo
452 1965 564 2006 rerum
582 1942 646 2025 ipsi
663 1942 758 2007 nobis
777 1941 881 2007 dicere
899 1942 1113 2028 voluerimus,

88 2034 190 2118 pluris
212 2033 304 2097 litem
326 2035 471 2098 nostram
494 2031 744 2096 aestimabimus.
1127 2054 1145 2096 s

55 2153 70 2201 1
177 2137 326 2204 XXVHI.
360 2136 396 2203 si
415 2138 564 2203 volumus
584 2138 678 2222 aequi
695 2159 803 2203 rerum
822 2135 969 2202 omnium
989 2138 1112 2207 iudices

91 2248 173 2310 esse,
200 2228 264 2293 hoc
292 2228 434 2311 primum
461 2227 555 2291 nobis
582 2227 845 2311 persuadeamus,
866 2226 1034 2294 neminem
1059 2251 1113 2295 no

91 2319 193 2381 strum
223 2337 292 2381 esse
322 2317 390 2381 sine
420 2317 528 2400 culpa3
554 2316 631 2381 hinc
655 2317 740 2380 enim
764 2315 904 2380 maxima
926 2316 1111 2405 indignatio

91 2405 206 2469 oritur:
256 2404 353 2468 ‘nihil
384 2405 531 2488 peccavi'
564 2408 596 2470 et
628 2404 725 2469 ‘nihil
755 2404 839 2469 feci?
892 2404 996 2472 immo
1029 2408 1112 2472 nihil

90 2494 213 2558 fateris!
253 2493 458 2578 indignamur
476 2495 584 2577 aliqua
602 2493 821 2559 admonitione
840 2496 896 2558 aut
914 2495 1146 2562 coercitiones

90 2603 149 2647 nos
174 2583 361 2668 castigatos,
384 2603 457 2648 cum
480 2583 537 2647 illo
561 2583 632 2668 ipso
655 2586 800 2668 tempore
818 2602 1006 2669 peccemus,
1025 2584 1111 2669 quod

55 2685 71 2734 a
91 2671 245 2736 adicimus
264 2671 442 2737 malefactis
461 2671 682 2758 adrogantiam
702 2676 735 2736 at
752 2672 1001 2739 contumaciam.
1040 2675 1111 2759 quis

92 2764 141 2824 est
162 2761 223 2825 iste
247 2761 303 2844 qui
326 2781 360 2825 se
380 2761 551 2844 profitetur
569 2761 718 2826 omnibus
737 2761 863 2846 legibus
881 2761 1112 2830 innocentem?

91 2853 128 2914 ut
150 2850 212 2914 hoc
234 2850 280 2914 ita
303 2850 359 2933 sit,
382 2872 478 2932 quam
502 2853 639 2936 angusta
660 2850 845 2915 innocentia
868 2853 917 2915 est
939 2850 981 2915 ad
1004 2852 1110 2940 legem

181 3060 196 3115 7
223 3060 363 3131 dirigatur
384 3062 410 3114 L
434 3069 467 3117 at
489 3063 557 3131 colp.
584 3061 750 3131 derigantur
769 3062 797 3116 A
812 3059 842 3185 aii
857 3060 875 3114 9
893 3060 995 3130 <vi>
1016 3064 1110 3119 divina

91 3133 225 3201 Madoip;
244 3134 332 3203 mapis
349 3133 443 3201 placet
461 3133 533 3202 qaod
553 3132 634 3187 Gertz
647 3134 794 3202 proposuit
833 3131 909 3186 ‘vina
928 3135 1109 3204 <omnia>;

90 3205 136 3258 sed
159 3205 224 3271 fort.
247 3204 292 3258 bc'c
314 3220 418 3272 qaoque
436 3204 537 3260 Semca
557 3204 742 3274 aeplepeatias
758 3205 870 3272 scripsit
892 3202 903 3276 tl
927 3203 964 3259 11
989 3222 1058 3278 ergo
1080 3208 1112 3261 ia

89 3292 144 3330 ras.
163 3274 213 3343 Λᾶ,
231 3291 266 3330 aa
283 3274 325 3330 A¹
342 3277 482 3344 scriptura
499 3281 607 3330 tactam
625 3291 641 3329 e
658 3281 744 3330 restat
770 3275 773 3346 Ι
797 3281 862 3344 post
884 3277 984 3330 contm
1007 3279 1042 3333 iss
1057 3279 1111 3348 fiac

90 3362 182 3401 casas
208 3347 307 3402 cocula
332 3363 412 3402 arasa
436 3353 487 3414 est,
512 3364 580 3416 quae
605 3347 679 3401 liaeo
702 3346 846 3415 perforata
868 3352 929 3402 arat
954 3346 966 3421 ΙΙ
992 3348 1032 3405 18
1048 3355 1112 3421 post

91 3418 199 3484 possint
220 3417 302 3473 Gerra
319 3419 384 3485 fort.
402 3424 472 3472 recte
491 3420 556 3471 sunt
574 3418 638 3473 add.
667 3417 671 3489 Ι
698 3416 801 3471 noliint
818 3416 869 3485 A¹,
887 3419 971 3488 prior
987 3418 1111 3491 lpostaa

92 3503 171 3542 erasa
188 3495 228 3543 est
246 3489 250 3561 J
271 3489 307 3543 iis
321 3490 349 3544 A
367 3488 412 3542 his
430 3490 499 3560 aolp.
516 3488 528 3563 ti
544 3488 580 3544 24
594 3488 695 3543 oritur:
713 3488 785 3543 nihil
798 3489 898 3557 interp.
914 3488 1000 3547 Garis
1013 3492 1110 3549 oritur.

80 3556 164 3611 Nihil
180 3561 248 3632 oolp.
267 3561 283 3636 Ι]
300 3561 338 3618 26
358 3561 437 3634 quod
451 3563 516 3620 AL
535 3578 593 3632 quo
610 3561 682 3632 ootp.
698 3562 829 3627 tempore
846 3560 901 3614 det.
911 3561 1010 3617 noua
