2400 3840
373 159 422 214 Du
440 159 693 218 PROVIDENTIA
712 159 821 219 cAP.a
1087 165 1105 228 7

88 329 128 374 ex
141 309 218 372 roto
232 305 283 372 illi
300 305 453 372 fluxerint
472 305 594 389 omnia,
611 309 649 373 ut
667 309 741 371 ante
754 310 882 390 votum,
900 307 984 375 male
997 309 1107 376 tamen

88 397 127 462 de
158 395 216 463 illo
249 394 295 460 dii
327 395 565 463 iudicaverunt:
601 394 753 480 indignus
785 395 873 463 visus
911 399 961 464 est
991 419 1012 460 a
1041 416 1105 479 quo

85 484 269 553 vinceretur
286 483 459 567 aliquando
477 483 608 551 fortuna
612 533 622 567 ,
640 505 722 568 quae
735 484 980 569 ignavissimum
997 506 1107 568 quern-

79 596 150 658 ·qus
168 573 303 660 refugit,
326 573 418 657 quasi
436 573 535 638 dicat:
558 573 647 657 ‘quid
665 595 725 659 ego
744 573 844 639 istum
862 573 944 640 milri
962 573 1107 645 adversa·

56 664 171 730 rrium
194 662 383 731 adsumam?
416 662 526 728 statim
550 684 639 727 arma
661 661 844 747 submittet,
866 685 933 735 non
956 684 1038 747 opus
1058 666 1107 730 ost

86 754 122 818 in
144 752 237 819 illum
260 756 331 818 tota
348 752 494 836 potentia
512 773 598 835 mea,
619 751 684 821 lovi
703 751 941 819 comminatione
958 753 1108 837 pelletur,

86 863 154 909 non
192 844 300 926 potest
338 841 496 909 sustinere
527 841 655 908 vultum
686 863 804 911 meum.
858 841 940 907 alius
973 842 1107 911 circum-

88 930 243 1014 spiciatur
271 952 345 997 cum
376 952 440 1014 quo
471 929 616 998 conferre
644 930 807 1015 possimus
834 952 980 1014 manum,
1006 929 1108 1014 pudet

88 1018 241 1106 congredi
255 1040 328 1086 cum
342 1018 473 1085 homine
487 1018 573 1084 vinci
592 1019 726 1103 parato?
758 1019 970 1104 ignominiam
985 1019 1107 1086 iudicat
1126 1036 1143 1083 4

40 1132 69 1173 10
87 1109 248 1196 gladiator
270 1130 344 1177 oum
362 1108 513 1176 inferiore
532 1109 684 1192 componi
702 1112 735 1174 et
753 1108 815 1176 scit
828 1131 902 1177 aum
917 1108 986 1173 sine
1004 1108 1108 1193 gloria

87 1199 187 1283 vinci,
217 1199 273 1282 qui
301 1198 370 1264 sine
393 1198 536 1282 periculo
559 1197 709 1266 vinetum
754 1197 839 1263 idem
863 1197 942 1268 feeit
963 1197 1107 1267 fortuna:

87 1287 281 1355 fortissimos
305 1288 368 1354 sibi
384 1308 478 1372 pares
498 1287 637 1371 quaerit,
659 1287 815 1371 quosdam
834 1286 964 1357 fastidio
983 1287 1107 1356 transit.

88 1376 406 1445 contumacissimum
431 1397 590 1460 quemque
614 1379 647 1441 et
668 1375 885 1442 rectissimum
913 1375 1109 1462 aggreditur,

88 1467 240 1534 adversus
263 1488 360 1550 quem
374 1466 440 1531 virn
463 1487 555 1532 suam
578 1465 738 1533 intendat:
760 1465 869 1550 ignem
888 1465 1053 1550 experitur
1073 1464 1109 1529 in

42 1576 69 1617 rs
87 1555 210 1639 Mucio,
238 1558 462 1639 paupertatem
498 1555 534 1620 in
554 1553 718 1638 Fabricio,
748 1553 880 1623 exilium
910 1555 946 1619 in
974 1553 1110 1637 Rutilio,

88 1648 251 1709 tormenta
279 1645 315 1709 in
337 1643 478 1728 Regulo,
500 1666 660 1713 venenum
687 1643 723 1712 in
745 1641 891 1727 Socrate,
913 1646 1051 1710 mortem
1074 1644 1109 1709 in

90 1730 220 1798 Catone.
271 1753 426 1816 magnum
455 1734 639 1817 exemplum
668 1733 733 1797 nisi
766 1733 852 1801 mala
880 1732 1011 1798 fortuna
1042 1754 1109 1799 non

90 1820 222 1885 invenit.
254 1820 368 1886 infelix
390 1825 440 1887 est
456 1820 596 1905 Mucius,
619 1822 706 1904 quod
724 1821 837 1887 dextra
854 1821 946 1906 ignes
964 1821 1108 1887 hostiurn
1128 1835 1144 1884 1

90 1908 209 1993 premit
238 1912 271 1974 et
299 1909 369 1993 ipse
391 1931 410 1972 a
433 1929 467 1973 se
490 1909 591 1994 exigit
618 1909 734 1980 erroris
761 1911 812 1975 sui
833 1909 977 1994 poenas?
1023 1910 1109 1993 quod

43 2021 71 2061 10
88 2019 213 2084 regern,
237 2020 333 2081 quem
356 2001 479 2065 armata
502 2021 600 2064 manu
621 2020 688 2066 non
710 1999 832 2084 potuit,
860 2002 973 2064 exusta
994 1999 1109 2085 fugat?

90 2086 168 2171 quid
198 2087 298 2174 ergo?
341 2087 468 2155 felicior
497 2090 595 2171 esset,
623 2088 652 2152 si
680 2088 715 2157 in
742 2089 815 2155 sinu
842 2087 963 2153 amicae
985 2087 1110 2154 foveret

89 2176 244 2243 manum?
283 2176 397 2243 infelix
419 2180 469 2244 ert
490 2175 672 2260 Fabricius,
695 2177 781 2261 quod
804 2199 859 2242 rus
879 2199 987 2261 suum,
1011 2193 1144 2260 quan-c

88 2270 159 2332 tum
174 2289 240 2332 are
254 2266 385 2351 publica
398 2267 539 2350 vaeavit,
561 2265 667 2336 fodit?
701 2267 788 2350 quod
807 2267 930 2332 bellum
948 2270 1014 2332 tam
1035 2287 1108 2333 cum

88 2354 213 2439 Pyrrho
238 2377 335 2439 quam
359 2378 433 2422 cum
452 2355 573 2423 dividis
587 2355 695 2442 gerit?
728 2355 815 2440 qnod
829 2355 868 2421 ad
886 2356 997 2423 focum
1016 2358 1109 2422 cenat

44 2445 161 2509 uillas
184 2444 270 2529 ipsas
292 2445 416 2512 radices
439 2448 472 2511 et
493 2444 609 2511 herbas
639 2466 718 2528 quas
747 2445 782 2509 in
803 2444 1006 2530 repurgando
1030 2466 1107 2529 agro

90 2532 294 2618 triumphalis
324 2556 422 2599 senex
444 2533 565 2599 vulsit?
611 2534 688 2617 quid
718 2533 818 2619 ergo?
862 2533 988 2598 felicior
1017 2537 1109 2616 esset,

91 2622 119 2687 si
147 2622 183 2688 in
204 2625 349 2688 ventrem
379 2645 473 2689 suum
502 2623 674 2709 longinqui
703 2622 808 2687 litoris
838 2623 942 2708 pisces
966 2626 999 2687 et
1020 2644 1109 2706 pere-

89 2711 183 2797 grina
211 2711 349 2795 aucupia
381 2715 581 2797 congereret,
614 2711 641 2777 si
674 2711 839 2796 conchylis
872 2712 980 2797 superi
1012 2714 1109 2796 atque

89 2800 185 2865 inferi
207 2800 304 2865 maria
327 2800 492 2887 pigritiam
521 2800 680 2867 stomachi
706 2800 884 2867 nausiantis
906 2801 1056 2888 erigeret,
1082 2800 1109 2866 si

43 2911 71 2951 ao
89 2889 214 2975 ingenti
242 2911 414 2974 pomorum
438 2894 525 2955 strue
555 2890 699 2976 cingeret
725 2889 847 2975 primae
870 2889 993 2955 formae
1015 2890 1109 2973 feras,

178 3098 196 3153 1
214 3114 288 3167 aquo
308 3101 337 3168 (q
355 3116 423 3155 cerr.
439 3097 601 3225 1111111111
619 3098 703 3168 lego
719 3100 787 3169 oolg.
803 3115 870 3168 ergo
884 3101 912 3154 A
930 3097 940 3171 11
957 3097 1102 3169 91111101

89 3170 131 3225 A⁵
149 3172 281 3240 paratam
295 3170 337 3226 A¹
355 3169 365 3243 11
385 3171 420 3226 12
437 3172 549 3231 transit.
598 3178 653 3226 crta
670 3172 860 3240 commosin
877 3171 993 3237 transit,
1012 3170 1081 3238 oolp.
1106 3168 1109 3242 1

89 3241 126 3296 16
143 3241 304 3297 inoatonem
318 3242 346 3297 A
364 3259 432 3298 corr.
446 3244 515 3312 volp.
529 3242 540 3315 11
557 3241 593 3297 11
611 3241 727 3311 arepb'a
741 3241 783 3297 Al
800 3244 833 3297 ia
848 3257 904 3296 are.
919 3260 946 3311 p.
961 3257 1029 3297 corr.
1044 3239 1087 3295 A⁶
1102 3240 1106 3312 1

89 3314 171 3369 emto
189 3313 265 3382 quod
283 3312 389 3368 bellum
411 3315 443 3369 11
464 3315 589 3384 margine
611 3314 676 3370 odd.
695 3313 738 3369 A·
755 3315 920 3382 1111111111
942 3312 1109 3382 significavit

85 3384 407 3453 perscrutaremur
424 3401 479 3441 case
496 3384 720 3470 1114111111οΑ
742 3384 749 3468 1
766 3384 898 3439 adfoeum
917 3400 951 3438 11
970 3380 1021 3437 aff·
1039 3400 1107 3440 corr.

90 3455 247 3529 11141128
266 3456 410 3526 conchyljs
424 3457 452 3512 A
470 3456 528 3511 —his
546 3458 616 3526 0019.
638 3455 706 3580 1110
724 3457 884 3525 cingeretur
897 3455 926 3509 A
944 3455 975 3526 (g
993 3472 1061 3512 corr.
1075 3472 1109 3511 aa

92 3543 106 3580 o
125 3528 279 3597 1111112)
299 3529 449 3597 10111019.
471 3528 596 3597 cingeret
613 3543 647 3581 ve
679 3527 760 3583 Gertz
