2400 3840
365 155 414 209 DE
433 154 497 209 fles
515 155 582 211 ΜΒ.
596 155 632 211 11.
663 154 741 212 oAP.
755 161 798 211 ss.
813 161 848 210 er
892 192 895 196 »
1052 155 1115 226 ’103

98 323 232 369 coronas
255 301 344 366 misit
367 304 399 366 et
422 302 589 388 observare
611 300 706 366 iussit
728 324 771 365 an
793 304 945 367 sumeret:
970 302 1117 386 sumpsit.

99 414 137 457 eo
160 391 225 474 die,
248 412 312 475 quo
336 390 440 455 filium
464 392 636 475 extulerat,
657 390 758 454 immo
780 412 844 474 quo
865 412 933 455 non
951 391 1117 474 extulerat,

98 481 221 545 iacebat
252 480 389 546 conviva
420 480 612 545 centesimus
645 483 677 543 et
708 479 855 564 potiones
882 479 938 544 vix
965 479 1117 544 honestas

96 570 257 635 natalibus
287 570 462 634 liberorum
491 568 684 655 podagricus
714 589 812 633 senex
839 569 1020 653 hauriebat,
1043 590 1117 634 cum

66 679 79 720 s
97 659 226 724 interim
244 680 311 724 non
328 658 495 723 lacrimam
514 657 630 741 emisit,
646 679 715 723 non
733 657 877 723 dolorem
895 657 1004 742 aliquo
1023 657 1116 743 signo

97 770 264 833 erumpere
293 767 406 830 pessus
437 750 499 813 est:
535 746 661 812 cenavit
689 749 855 830 tamquam
882 769 942 831 pro
969 747 1037 812 filio
1066 768 1118 811 ex·

98 841 229 901 orasset.
275 837 416 920 quaeris,
439 835 559 920 quare?
603 835 741 900 habebat
769 836 913 900 alterum.
960 836 1038 919 quid
1061 835 1153 902 illes

97 924 267 990 Priamus?
308 947 376 991 non
398 924 613 990 dissimularit
634 925 716 988 iram
739 928 772 989 et
794 925 878 1010 regis
902 945 1007 1011 genua
1030 945 1118 990 com-

98 1015 212 1098 plexus
242 1019 303 1099 est,
332 1014 493 1079 funestam
523 1013 750 1099 perfusamque
780 1035 892 1078 cruore
915 1014 964 1078 fili
986 1035 1118 1077 manum

52 1125 80 1166 ro
98 1103 138 1168 ad
158 1125 193 1169 os
213 1125 307 1169 suum
325 1103 450 1188 retulit,
470 1102 617 1169 cenavit?
653 1103 709 1167 sed
729 1105 839 1167 tamen
856 1103 924 1167 sine
942 1105 1118 1187 unguento,

99 1194 166 1258 sine
185 1193 325 1276 coronis,
344 1196 376 1257 et
394 1193 487 1258 illum
505 1192 609 1257 hostis
627 1191 831 1257 saevissimus
851 1192 962 1256 multis
981 1191 1117 1274 solaciis,

98 1287 134 1346 ut
158 1282 265 1347 cibum
289 1285 430 1366 caperet,
450 1283 599 1347 hortatus
618 1285 680 1365 est,
700 1302 767 1345 non
784 1284 822 1345 ut
839 1279 957 1363 pocula
973 1279 1118 1366 ingentia

98 1392 194 1456 super
230 1375 327 1456 caput
363 1371 470 1456 posito
507 1370 641 1436 custode
677 1370 818 1435 siccaret.
871 1369 1153 1454 contempsissese

97 1459 281 1524 Romanum
310 1464 449 1544 patrem,
476 1460 505 1524 si
531 1460 593 1525 sibi
614 1458 789 1544 timuisset;
817 1481 905 1524 nunc
927 1459 1008 1523 iram
1032 1479 1118 1523 com-

53 1569 79 1610 rs
96 1549 222 1632 pescuit
251 1549 362 1632 pietas.
408 1548 524 1634 dignus
554 1549 617 1613 fuit
646 1548 699 1613 cui
727 1548 966 1633 permitteretur
995 1570 1014 1612 a
1043 1568 1117 1612 cou-

97 1638 184 1701 rivio
218 1637 257 1701 ad
291 1658 363 1701 ossa
394 1636 443 1701 fili
470 1637 606 1722 legenda
633 1636 807 1722 discedere3
837 1659 878 1701 ne
900 1637 964 1702 hoc
987 1635 1117 1720 quidem

98 1725 244 1808 permisit
272 1725 431 1811 benignus
460 1726 589 1790 interim
619 1729 651 1791 et
678 1725 779 1790 comis
809 1724 1008 1791 adulescens:
1044 1747 1117 1808 pro·

99 1812 317 1897 pinetionibus
336 1834 444 1877 senem
463 1813 594 1897 crebris,
612 1817 649 1877 ut
667 1835 744 1878 cura
760 1814 924 1896 leniretur,
942 1814 1116 1878 admonens

98 1901 287 1986 lacessebat3
317 1905 429 1967 contra
457 1901 512 1966 ille
542 1922 576 1966 se
604 1902 725 1966 laetum
748 1905 780 1966 et
804 1902 956 1985 oblitum,
979 1901 1056 1984 quid
1079 1923 1116 1967 eo

54 2012 82 2052 ro
99 1994 207 2058 actum
244 1994 327 2056 esset
363 1990 428 2074 die,
463 1989 636 2074 praestitit:
678 1990 816 2074 perierat
847 1992 927 2054 alter
958 1989 1058 2073 filius,
1090 1990 1119 2056 si

99 2079 243 2146 carnifici
265 2079 402 2145 conviva
423 2101 490 2144 non
512 2080 693 2164 placuisset.

187 2167 336 2235 XXXIV.
373 2167 462 2255 Ergo
490 2169 538 2233 ira
565 2167 790 2233 abstinendum
813 2171 876 2250 est,
899 2167 965 2232 sive
988 2189 1047 2252 per
1070 2171 1152 2232 est1

99 2258 156 2342 qui
186 2257 389 2323 lacessendus
419 2262 468 2322 est
497 2258 564 2323 sive
594 2257 740 2340 superior
767 2257 833 2321 sive
856 2256 997 2322 inferior.
1043 2277 1117 2322 cum

98 2369 174 2432 pare
204 2346 395 2412 contendere
425 2367 541 2432 anceps
572 2350 633 2430 est,
663 2367 737 2412 cum
765 2346 927 2430 superiore
950 2345 1118 2429 furiosum,

53 2461 80 2501 ss
99 2458 172 2501 cum
195 2435 345 2501 inferiore
369 2435 541 2502 sordidum.
587 2435 698 2520 pusilli
720 2435 861 2500 hominis
884 2438 916 2499 et
938 2435 1046 2500 miseri
1069 2439 1118 2500 est

189 2591 205 2646 l
225 2592 367 2648 observari
384 2594 454 2648 ccci.
469 2593 585 2648 Fischer
601 2591 612 2666 tt
629 2591 837 2662 tperfusamq;
856 2593 917 2662 (per
932 2593 1118 2660 compendiose

98 2681 150 2720 scr.
165 2681 199 2718 m.
215 2669 231 2718 1
250 2666 282 2719 ic
298 2666 365 2733 ras.)
379 2664 407 2718 A
420 2663 431 2736 Η
444 2662 479 2717 12
489 2663 620 2735 slortatus
634 2666 662 2719 A
681 2663 711 2727 (h
725 2662 835 2790 etQ->dl
852 2662 888 2717 13
902 2663 1117 2731 contempsisses

99 2736 258 2790 Romanum
280 2737 391 2805 patrem
416 2736 515 2803 scripsi
537 2751 599 2790 cam
617 2738 656 2790 ed.
671 2737 786 2804 Bipcct.
829 2736 896 2790 ectri
916 2735 1061 2790 consilium
1078 2750 1116 2788 se-

98 2812 194 2872 catas;
217 2813 307 2860 mosset
329 2807 362 2860 ic
386 2807 485 2860 titteris
509 2807 547 2860 cet
568 2823 610 2861 cie
632 2807 708 2861 dctis
729 2823 754 2861 c.
769 2807 796 2861 d.
816 2807 954 2875 contemp.
973 2807 1043 2860 coci.
1063 2821 1117 2860 csse

99 2879 233 2932 inseram
252 2876 382 2946 (Madcip
400 2878 438 2931 cd
459 2876 512 2931 Oic.
527 2877 561 2931 de
578 2878 626 2944 stri.
641 2879 679 2931 Π
693 2877 714 2948 ἕ
728 2879 775 2944 35)
795 2877 1009 2947 contempsisset
1026 2891 1116 2931 roma·

98 2967 166 3002 num
189 2950 299 3017 patrem
317 2948 380 3003 AL
406 2948 620 3019 contempsisset
641 2950 794 3016 tyrannum
814 2950 897 3017 pater
916 2949 1034 3018 Mcdcip
1053 2964 1117 3002 con·

98 3019 261 3089 tempsisset
278 3021 431 3088 tyrannum
444 3018 545 3073 Pastor
563 3020 606 3075 W.
622 3019 727 3074 Gemoll
746 3019 960 3088 contempsisset
973 3019 1117 3072 Romanus

98 3093 181 3160 pater
196 3093 385 3159 <mortem>
400 3091 494 3146 Herse.
510 3097 560 3146 aut
572 3090 726 3159 imperator
739 3097 805 3159 post
817 3092 928 3161 patrem
942 3096 992 3144 act
1010 3087 1038 3142 G.
1054 3094 1118 3143 acte

98 3163 257 3217 Romanum
279 3163 367 3218 inseri
387 3162 462 3217 iubet
480 3162 620 3217 Rossbach
640 3161 743 3228 <iure
762 3160 884 3230 Gaius>
903 3158 1117 3227 contempsisset

98 3235 257 3288 Romanum
282 3235 394 3302 patrem
417 3233 479 3289 Jos.
495 3234 601 3288 Miller
625 3231 636 3304 Π
665 3232 701 3287 15
723 3232 934 3301 permitteretur
957 3230 1117 3300 Wesenberp

98 3305 276 3374 permitteret
289 3306 317 3359 A
330 3304 341 3377 Η
354 3304 389 3359 18
403 3303 538 3359 leniretur
551 3303 594 3359 A¹
608 3305 648 3374 (re
661 3321 682 3358 s.
696 3321 721 3358 c.
737 3305 845 3374 lepitrcr)
859 3305 892 3357 ut
906 3317 1002 3356 curam
1015 3300 1117 3355 leniret

97 3378 179 3431 malit
196 3377 357 3447 Wesenberp
381 3374 392 3448 ll
415 3375 451 3430 20
469 3376 593 3447 perierat
610 3373 653 3429 A¹
670 3374 777 3442 periret
794 3374 870 3429 A⁶L
893 3371 904 3444 Η
928 3372 962 3427 21
982 3388 1038 3426 non
1055 3389 1078 3426 s.
1091 3389 1120 3425 c.

97 3448 163 3503 add.
178 3445 220 3502 A¹
237 3447 247 3520 Η
264 3446 300 3501 25
319 3448 348 3501 et
365 3447 461 3500 miseri
479 3451 495 3500 ὁ
513 3448 640 3514 repetere
654 3448 683 3500 A
702 3448 729 3517 <e
746 3461 779 3500 re
795 3447 831 3500 ia
844 3461 907 3500 ros.
922 3442 977 3506 ὣς
993 3441 1032 3495 N
1047 3440 1142 3498 scrie-

98 3525 164 3574 twra
181 3534 238 3574 noa
255 3519 412 3588 dispicitur)
