2400 3840
87 189 132 254 94
283 186 314 240 u.
333 183 658 247 auuumsurvuoaa
676 184 771 239 uma.
784 183 852 239 ma.
865 182 914 241 rv.

89 330 229 415 suspicio
259 334 292 396 et
322 328 519 415 coniectura,
546 329 754 396 fallacissima
782 328 1000 395 irritamenta:
1040 330 1116 399 ‘ille

89 442 141 485 me
163 441 278 504 parum
299 419 440 484 humane
463 418 629 503 salutavit3
656 418 711 484 ille
734 419 845 484 osculo
868 440 943 484 meo
966 440 1040 486 non
1062 421 1115 487 ad·

87 509 206 593 haesit,
235 508 291 573 ille
312 508 500 574 inchoatum
523 529 704 574 sermonem
727 507 792 573 cito
815 506 961 593 abrupit3
990 508 1114 577 illaad

89 619 201 663 cenam
232 618 298 663 non
329 596 469 682 vocavit3
501 596 588 663 illius
617 598 727 662 vultus
754 596 896 663 aversior
920 596 1015 663 visus
1045 597 1115 665 est'

54 707 155 754 anon
178 686 279 752 deerit
301 686 477 771 suspicioni
504 686 754 772 argumentatio:
790 684 1001 771 simplicitate
1030 707 1147 774 opusr

90 780 139 841 est
162 779 194 841 et
217 775 356 863 benigna
377 798 485 842 rerum
508 775 739 841 aestimatione.
774 774 859 841 nibil
879 773 944 841 nisi
968 777 1063 860 quod
1080 776 1113 843 in

89 865 200 931 oculos
222 864 364 931 incurret
386 864 657 949 manifestumque
680 863 741 930 erit
763 863 944 948 credamus,
972 867 1007 931 et
1034 887 1112 951 quo

88 954 171 1020 tiens
195 954 335 1040 suspicio
358 957 470 1020 nostra
491 976 574 1018 vana
596 953 795 1038 apparuerit,
814 952 1028 1040 obiurgemus
1048 976 1112 1023 cre·

88 1043 270 1129 dulitatem3
292 1044 373 1109 haec
396 1043 481 1108 enim
505 1043 674 1128 castigatio
698 1041 965 1108 consuetudinem
989 1043 1112 1111 efficiet

87 1155 154 1199 non
176 1133 271 1199 facile
295 1132 453 1199 credendi.
1127 1151 1147 1192 o

54 1259 68 1308 1
176 1238 279 1304 XXV.
315 1237 394 1303 Inde
424 1242 457 1303 et
485 1238 567 1303 illud
596 1238 754 1322 sequitur,
781 1241 819 1303 ut
841 1237 987 1304 minimis
1010 1240 1112 1306 sordi·

88 1328 292 1411 dissimisque
315 1327 410 1392 rebus
433 1349 500 1392 non
523 1327 756 1392 exacerbamur.
802 1349 917 1412 parum
939 1327 1041 1415 agilis
1065 1334 1113 1395 est

88 1438 169 1500 puer
196 1420 252 1480 aut
278 1415 417 1501 tepidior
440 1436 523 1500 aqua
544 1420 662 1500 poturo
686 1420 742 1481 aut
764 1416 913 1482 turbatus
935 1419 1034 1483 torus
1058 1423 1113 1485 aut

89 1526 200 1569 mensa
216 1505 440 1591 neglegentius
457 1505 576 1589 posita:
595 1505 635 1570 ad
653 1505 716 1570 iste
733 1504 888 1571 concitari
906 1504 1037 1573 insania
1056 1512 1112 1574 est.

89 1615 185 1680 aeger
220 1597 253 1659 et
287 1593 424 1660 infelicis
461 1594 654 1660 valetudinis
695 1597 744 1659 est
780 1615 877 1679 quem
911 1594 996 1662 levis
1034 1620 1114 1663 aura
1128 1615 1147 1657 a

89 1682 263 1765 contraxit,
292 1683 410 1749 adfecti
439 1683 525 1749 oculi
554 1705 636 1767 quos
666 1682 800 1749 candida
823 1683 921 1749 vestis
943 1684 1114 1771 obturbat,

90 1771 264 1837 dissolutus
295 1772 416 1838 deliciis
445 1772 534 1838 cuius
561 1773 647 1838 latus
670 1772 775 1838 alieno
797 1773 909 1838 labore
931 1774 1112 1842 condoluit

54 1881 69 1930 2
89 1860 293 1947 Mindyriden
321 1862 413 1927 aiunt
440 1861 540 1927 fuisse
569 1884 609 1927 ex
639 1859 860 1946 Sybaritarum
884 1861 1034 1948 civitate,
1059 1865 1129 1950 qui.

90 1973 161 2017 cum
189 1952 323 2018 vidisset
349 1950 525 2017 fodientem
554 1955 586 2015 et
612 1951 709 2016 altius
733 1954 872 2017 rastrum
896 1950 1113 2038 adlevantem,

88 2042 209 2106 lassum
233 2064 266 2107 se
289 2041 360 2106 fieri
383 2043 515 2125 questus
538 2039 643 2105 vetuit
664 2040 757 2105 illum
778 2061 859 2126 opus
877 2039 914 2107 in
931 2047 1113 2128 conspectu
1127 2061 1148 2103 a

89 2151 148 2194 suo
180 2130 298 2215 facere3
329 2130 414 2195 idem
444 2130 563 2195 habere
592 2150 626 2194 se
655 2128 747 2214 peius
771 2132 903 2213 questus
927 2133 994 2215 est,
1025 2132 1113 2217 quod

54 2218 176 2285 efoliis
197 2240 290 2284 rosae
312 2218 484 2304 duplicatis
506 2216 713 2284 incubuisset
758 2218 816 2284 ubi
842 2217 990 2285 animum
1014 2220 1113 2287 simul

90 2310 124 2371 et
146 2328 262 2391 corpus
280 2308 462 2392 voluptates
484 2328 668 2391 corrupere,
685 2307 768 2372 nihil
785 2307 953 2373 tolerabile
971 2308 1113 2395 videtur,

89 2416 157 2460 non
175 2396 250 2479 quia
268 2396 361 2478 dura,
384 2398 439 2462 sed
458 2396 534 2480 quia
554 2396 661 2461 mollis
680 2396 809 2480 patitur.
847 2396 998 2482 quidest
1016 2400 1113 2484 enim,

90 2505 148 2550 cur
183 2485 281 2550 tussis
318 2485 452 2551 alicuius
489 2489 545 2551 aut
581 2489 871 2551 sternutamentum
908 2490 965 2552 aut
999 2504 1147 2555 muscaw

90 2595 204 2658 parum
235 2572 359 2640 curiose
387 2574 499 2660 fugate
528 2574 563 2640 in
590 2574 713 2639 rabiem
741 2578 817 2661 agat
839 2578 895 2640 aut
917 2574 1111 2643 obversatus

55 2682 72 2730 4
91 2662 178 2728 canis
197 2667 253 2729 aut
272 2663 369 2729 clavis
387 2663 587 2750 neglegentis
606 2664 690 2728 servi
703 2663 852 2729 manibus
866 2664 1000 2749 elapsa?
1029 2666 1112 2733 feret

90 2752 151 2817 iste
170 2773 272 2837 aequo
290 2752 398 2818 auimo
417 2753 511 2818 civile
527 2752 708 2819 convicium
722 2756 755 2818 et
768 2752 896 2838 ingesta
907 2753 943 2817 in
956 2756 1111 2821 contione

91 2841 217 2907 curiave
247 2841 430 2926 maledicte,
458 2842 549 2908 cuius
578 2863 670 2907 aures
697 2842 793 2908 tracti
820 2841 966 2907 subsellii
989 2844 1112 2911 stridor

91 2930 246 2996 offendit?
276 2931 474 3015 perpetietur
491 2931 544 2996 hic
559 2931 678 2996 famem
693 2934 726 2997 et
739 2931 879 2997 aestivae
892 2931 1109 3016 expeditionis
1126 2949 1147 2993 a

179 3123 197 3180 8
215 3124 411 3180 credulitatem
425 3124 467 3180 A⁶
485 3123 547 3194 (dul
564 3125 596 3179 ia
612 3140 668 3179 rae.
686 3140 738 3193 pro
757 3123 798 3177 dil
815 3130 848 3179 ct
864 3124 931 3193 oid.)
953 3123 965 3197 11
985 3123 1007 3179 e
1025 3126 1109 3181 cnti-

89 3196 244 3267 gastigatio
258 3195 301 3251 A²
318 3213 386 3252 corr.
400 3198 460 3252 olio
477 3212 577 3252 monae
594 3194 604 3267 11
623 3194 658 3250 11
673 3196 806 3264 sequetur
819 3207 837 3250 ς
850 3195 864 3280 11
882 3194 918 3250 lt
932 3195 1109 3271 tepidiorlla·

90 3284 146 3335 qua
160 3267 202 3323 A⁶
224 3267 228 3340 1
252 3266 384 3323 turbatus
401 3269 470 3324 thor
489 3270 512 3336 (s
530 3284 551 3322 a
565 3268 602 3336 o.)
621 3266 670 3322 A⁶.
690 3283 724 3322 ea
741 3265 783 3321 A¹
800 3283 855 3323 ocra
874 3272 940 3323 aaa
957 3276 1109 3338 amant.-

89 3338 220 3393 turbatus
234 3383 240 3392 .
257 3383 263 3394 .
279 3381 285 3392 .
301 3383 306 3394 .
323 3355 336 3393 s
356 3338 368 3410 11
394 3339 429 3394 lc
446 3337 581 3393 obturbat
603 3339 631 3392 A
653 3335 817 3393 obturbavit
862 3338 919 3394 ,E
929 3338 973 3395 W.
986 3340 1109 3407 Mallon

89 3410 136 3465 sed
149 3411 404 3477 cfr.dtol.1111,2
417 3427 457 3479 ep.
474 3411 534 3466 VII
545 3416 563 3466 7
575 3409 585 3482 11
598 3409 633 3465 ll
647 3408 739 3463 labori
753 3411 792 3464 H.
802 3409 830 3465 J.
841 3409 948 3465 Mollior
985 3408 1024 3467 18
1037 3409 1109 3466 min·

90 3481 190 3549 dyride
207 3483 235 3536 A
258 3485 287 3552 (y
305 3497 374 3538 corr.
390 3498 424 3536 cc
441 3484 470 3551 u)
495 3480 506 3554 11
529 3479 563 3536 21
587 3481 663 3535 idern
681 3482 779 3536 Msoct
799 3479 887 3537 bilem
902 3481 931 3536 A
1001 3488 1037 3539 ae
1053 3482 1107 3539 oid.

82 3568 118 3605 aa
135 3553 165 3621 u)
187 3552 198 3623 1
219 3569 250 3609 se
268 3552 353 3625 peius
373 3553 495 3627 Madotp
513 3552 612 3626 sepius
626 3554 655 3610 A
671 3567 704 3607 se
718 3549 840 3621 pusulas
855 3553 1008 3619 sapueras
1027 3554 1108 3610 Gesta
