2400 3840
92 204 135 268 52
288 201 318 255 L.
333 200 475 253 ANNAEI
494 197 658 255 SENECAE
677 198 771 254 DIAL.
787 199 854 253 LIB.
868 198 915 254 111.

55 365 71 410 a
182 345 234 410 An
271 346 445 411 secundum
481 349 628 409 naturam
661 345 704 410 sit
735 346 940 410 manifestum
972 346 1050 428 erit,
1090 348 1117 413 si

91 436 254 500 hominem
278 435 517 519 inspexerimus.
563 456 628 518 quo
652 435 730 518 quid
753 439 801 499 est
824 434 947 517 mitius,
977 434 1060 500 dum
1084 437 1117 500 in

91 528 178 588 recto
202 525 302 588 animi
324 524 452 588 habitus
473 523 544 588 est?
575 523 653 607 quid
672 527 778 587 autem
798 524 845 587 ira
863 523 1027 589 crudelius
1046 524 1117 591 est?

91 613 223 697 <quid>
241 613 370 676 homine
389 613 525 677 aliorum
544 612 726 677 amantius?
770 613 848 696 quid
871 613 920 676 ira
941 612 1116 680 infestius?

91 704 188 766 homo
203 703 236 765 in
250 703 444 766 adiutorium
462 706 610 766 mutuum
629 703 756 786 genitus
776 704 836 784 est,
855 702 904 765 ira
916 701 951 765 in
964 702 1116 786 exitium3
1141 721 1149 759 ε

91 792 145 855 hic
174 792 363 876 congregari
385 792 468 874 vult,
499 792 557 854 illa
585 791 759 872 discedere,
790 791 844 855 hic
866 790 1036 874 prodesse,
1060 793 1116 857 illa

91 902 217 963 nocere,
240 881 294 945 hic
316 882 413 945 etiam
437 881 558 965 ignotis
578 901 774 962 succurrere,
797 881 854 943 iila
872 880 969 944 etiam
988 881 1116 959 carissi·

91 992 159 1034 mos
191 974 313 1054 petere3
344 970 399 1034 hic
427 969 565 1032 aliorum
594 969 771 1033 commodis
794 970 846 1032 vel
875 968 1053 1052 inpendere
1084 994 1115 1035 se

90 1063 219 1142 paratus
243 1063 304 1141 est,
327 1059 385 1122 illa
408 1059 442 1121 in
464 1057 656 1142 periculum,
687 1058 859 1122 dummodo
883 1057 1037 1143 deducat,
1066 1061 1115 1124 de

55 1164 71 1211 3
90 1149 246 1212 scendere.
281 1149 353 1230 quis
372 1168 449 1231 ergo
464 1147 566 1231 magis
580 1150 728 1210 naturam
742 1169 848 1211 rerum
866 1147 998 1231 ignorat
1018 1171 1115 1234 quarn
1130 1167 1150 1208 a

90 1239 146 1319 qui
169 1238 293 1320 optimo
317 1236 385 1301 eius
409 1236 499 1318 operi
522 1239 554 1299 et
576 1236 834 1301 emendatissimo
862 1237 924 1301 hoc
947 1236 1058 1303 ferum
1080 1260 1116 1303 ac

90 1326 305 1408 perniciosum
329 1325 444 1387 vitium
473 1324 642 1409 adsignat?
688 1326 748 1408 ira,
778 1328 815 1389 ut
837 1325 991 1408 diximus,
1022 1328 1116 1392 avida

91 1435 212 1496 poenae
231 1417 293 1494 est,
311 1413 402 1477 cuius
422 1413 604 1496 cupidinem
624 1415 727 1479 inesse
745 1414 951 1498 pacatissimo
970 1415 1115 1481 hominis

91 1503 214 1584 pectori
237 1501 368 1565 minime
391 1503 565 1567 secundum
588 1503 656 1568 eius
678 1507 826 1567 naturam
849 1505 905 1568 est.
947 1504 1116 1572 beneficiis

90 1592 176 1654 enim
207 1591 348 1654 humana
372 1592 439 1654 vita
471 1594 597 1656 constat
628 1595 660 1655 et
683 1593 866 1675 concordia,
898 1614 959 1657 nec
990 1597 1116 1660 terrore
1132 1612 1150 1652 1⁵

91 1680 146 1742 sed
170 1684 280 1743 mutuo
300 1702 408 1744 amore
427 1681 461 1744 in
479 1680 592 1746 foedus
611 1682 830 1764 auxiliumque
848 1703 1023 1747 commune
1043 1707 1118 1750 con·

91 1770 172 1833 strin
196 1770 267 1832 itur.

56 1877 68 1922 1
173 1791 234 1922 gVI.
258 1857 354 1935 ‘Quid
377 1858 476 1945 ergo?
521 1881 588 1923 non
610 1859 783 1942 aliquando
807 1859 977 1944 castigatio
1007 1884 1119 1929 neces·

90 1949 172 2011 saria
194 1947 281 2013 est?'
327 1947 461 2032 quidni?
507 1949 562 2012 sed
588 1949 668 2013 haec
695 1949 763 2013 sine
787 1949 847 2031 ira,
878 1970 951 2012 cum
975 1953 1118 2036 rationu

88 2060 154 2101 non
181 2038 266 2101 enim
292 2041 388 2102 nocet
416 2039 471 2102 sed
499 2037 643 2101 medetuu
671 2037 776 2120 specie
805 2037 950 2101 nocendi.
1005 2062 1119 2124 quem·
1132 2058 1152 2098 u

90 2126 261 2190 admodum
303 2126 459 2209 quaedam
493 2127 623 2191 hastilia
660 2127 797 2209 detorta,
830 2130 867 2190 ut
902 2128 1118 2213 corrigamus,

90 2214 252 2279 adurimus
276 2218 307 2278 et
330 2215 451 2279 adactis
480 2216 602 2298 cuneis,
629 2237 696 2280 non
718 2219 756 2279 ut
781 2216 968 2301 frangamus
998 2220 1061 2283 sed
1083 2224 1119 2284 ut

90 2304 297 2385 explicemus,
328 2304 489 2387 elidimus,
520 2304 567 2368 sio
598 2304 727 2389 ingenia
756 2305 836 2369 vitio
868 2326 969 2388 prava
1001 2307 1117 2373 dolore

55 2393 233 2474 ‘icorporis
261 2393 423 2475 animique
451 2393 650 2478 corrigimus.
696 2416 811 2478 nempe
838 2393 982 2458 medicus
1005 2398 1117 2479 primo

90 2482 123 2544 in
145 2481 269 2545 levibus
283 2481 371 2545 vitiis
394 2485 531 2565 tamptat
553 2504 619 2546 non
642 2483 780 2546 multum
798 2505 838 2546 ex
856 2481 1022 2548 cotidiana
1042 2508 1117 2551 con·
1132 2502 1153 2543 2⁵

90 2570 256 2633 suetudine
271 2569 432 2634 inflectere
447 2574 479 2633 et
493 2571 585 2653 cibis,
609 2571 809 2654 potionibus,
828 2571 1116 2641 exercitationibus

90 2659 233 2722 ordinem
256 2660 410 2742 inponere
433 2681 470 2723 ac
493 2660 707 2724 valetudinem
730 2664 856 2724 tantum
880 2663 1004 2725 mutata
1028 2665 1115 2728 vitae

89 2748 299 2831 dispositione
331 2749 465 2812 firmare.
512 2749 695 2833 proximum
727 2754 788 2832 est,
821 2753 858 2813 ut
890 2743 1006 2816 modus
1042 2776 1115 2838 pro-

89 2837 190 2920 ficiat3
217 2838 245 2901 si
273 2837 386 2902 modus
410 2842 442 2901 et
465 2838 543 2901 ordo
567 2861 634 2903 non
656 2839 798 2922 proficit,
829 2838 979 2904 subducit
1002 2841 1116 2927 aliqua

89 2930 121 2989 et
143 2926 356 3009 circumcidit3
384 2928 412 2991 si
441 2949 481 2990 ne
509 2927 612 2991 adhoc
641 2928 771 3011 quidem
801 2926 987 3012 respondet,
1015 2930 1116 2997 inter·
1131 2949 1152 2988 o

177 3064 195 3118 2
214 3065 290 3134 quod
304 3065 353 3131 A²,
372 3083 440 3121 corr.
457 3067 489 3120 ia
507 3082 563 3135 quo
577 3065 620 3121 A’
636 3065 646 3138 b
668 3066 686 3120 3
704 3065 820 3120 habitus
834 3067 871 3133 A,
889 3067 963 3136 quod
980 3068 1052 3125 bene
1070 3072 1115 3126 de·

87 3137 178 3203 fendit
197 3138 279 3192 Geta
297 3137 357 3192 coll.
372 3154 412 3206 ep.
428 3141 472 3204 95,
481 3140 517 3192 57
535 3136 638 3191 habitu
651 3139 679 3192 L
693 3144 719 3192 et
731 3139 799 3208 eotp.
818 3137 828 3209 ΙΙ
846 3137 865 3192 4
880 3136 951 3206 quid
964 3138 1115 3198 homiues

88 3207 158 3277 quid
175 3225 226 3263 orn.
241 3209 302 3263 AL
315 3209 419 3278 alitque
432 3221 449 3262 s
466 3207 477 3280 lt
494 3208 513 3261 6
526 3208 684 3263 discindere
699 3210 814 3264 Wolters
831 3208 842 3280 {t
859 3208 877 3264 8
890 3210 989 3280 petere
1003 3213 1033 3268 A
1050 3230 1115 3283 per-

88 3281 154 3334 dere
168 3282 265 3335 Haoee
283 3292 353 3334 ecs
380 3280 383 3349 t
412 3280 565 3334 commodis
584 3281 721 3335 Ermmus
743 3279 929 3334 incommodis
943 3283 972 3336 A
997 3282 1009 3355 lt
1034 3284 1072 3340 11
1090 3293 1115 3341 et

88 3352 315 3406 emendatissimo
330 3350 428 3406 A⁸Ls
446 3351 728 3422 &mendatissimo(?)
743 3352 785 3406 A¹
802 3351 812 3423 Η
830 3351 865 3405 19
883 3351 945 3406 sine
963 3352 1009 3408 ira
1030 3356 1115 3413 cerer

88 3423 198 3477 sincera
211 3424 240 3478 A
257 3421 268 3494 {t
288 3421 326 3477 8⁰
344 3438 380 3476 ne
398 3422 490 3476 adhoc
508 3422 623 3491 quidem
637 3425 674 3491 A,
692 3424 765 3492 qaod
781 3422 947 3478 secundm
965 3441 1024 3481 ease
1042 3429 1116 3484 uidit

85 3494 163 3547 nem.
190 3495 308 3549 Iboraos
337 3495 442 3564 (Horra
466 3495 614 3550 XXVIII
631 3511 659 3564 p.
673 3498 728 3549 308
752 3512 779 3549 n.
799 3496 844 3563 3);
866 3497 981 3564 saepiu
1009 3498 1116 3556 &neae

71 3562 130 3615 Iroe
147 3571 177 3618 et
193 3565 288 3621 adhoc
301 3582 359 3637 pro
377 3566 435 3623 huc
454 3574 482 3624 et
500 3565 597 3622 adhuc
613 3567 696 3622 babet
712 3581 750 3619 ne
763 3565 823 3617 boe
837 3565 953 3632 Madaro
