2400 3840
108 187 171 255 182
302 185 332 239 L.
347 184 489 240 ANNAEI
508 183 673 241 SENECAE
691 185 787 242 DIAL.
801 184 869 240 ΙιῘΒ.
880 184 927 242 VI.

105 353 172 396 non
190 335 239 396 est
257 332 431 396 molestum
459 329 590 413 servire,
620 330 691 414 ubi,
720 330 748 396 si
779 329 915 396 dominii
943 333 1127 416 pertaesum

106 424 168 504 est,
190 421 267 486 lieet
289 441 354 497 uno
380 419 483 506 gradu
505 419 545 484 ad
567 419 750 485 libertatem
772 420 918 485 transire.
954 441 1061 485 earam
1084 424 1127 504 te,

105 509 185 594 vita,
209 509 364 574 beneficio
387 509 501 574 mortis
523 508 640 574 habeo!

69 616 87 663 4
196 597 311 684 Cogita
325 601 481 682 quantum
494 597 573 663 boni
586 601 769 683 opportuna
782 619 869 663 mors
882 597 1014 680 habeat,
1028 619 1126 681 quam

105 688 217 752 multis
240 687 361 753 diutius
383 687 502 752 vixisse
519 686 676 753 nocuerit.
713 686 741 752 si
760 684 904 752 Gnaeum
925 685 1128 771 Pompeium,
1160 707 1172 748 ε

106 777 203 842 decus
225 776 312 841 istud
331 777 634 860 firmamentumque
653 775 795 861 imperii,
816 775 956 859 Neapoli
973 775 1126 841 valetudo

106 865 306 949 abstulisset,
329 865 530 931 indubitatus
553 865 667 950 populi
684 863 825 930 Romani
846 865 996 950 princeps
1019 886 1127 930 exaes-

106 958 202 1021 serat:
231 957 264 1019 at
291 976 378 1019 nune
405 954 514 1041 exigui
540 953 696 1039 temporis
719 953 855 1020 adiectio
878 953 1008 1040 fastigio
1032 953 1126 1019 illum

105 1065 164 1110 suo
188 1043 321 1128 depulit.
357 1043 440 1108 vidit
460 1043 605 1129 legiones
627 1043 662 1107 in
685 1047 861 1128 conspeetu
883 1064 943 1108 suo
966 1063 1074 1108 eaesae
1093 1047 1127 1108 et

105 1154 145 1198 ex
163 1133 220 1197 illo
233 1131 373 1218 proelio,
390 1133 503 1217 inquo
517 1133 622 1216 prima
636 1131 720 1198 soies
734 1135 864 1197 senatus
878 1132 958 1216 fuit,
969 1169 1012 1180 —-
1027 1153 1126 1216 quam
1146 1153 1172 1192 ro

104 1221 248 1287 infelioes
276 1221 430 1306 reliquiae
458 1222 547 1286 suntl
566 1258 609 1269 -·
628 1222 735 1305 ipsum
762 1221 989 1306 imperatorem
1017 1242 1127 1306 super-

104 1312 218 1395 fuisse3
253 1309 335 1376 vidit
368 1309 568 1396 Aegyptium
599 1311 782 1376 carnificem
818 1313 853 1376 et
886 1313 1126 1376 saerosanotum

104 1398 282 1465 viatoribus
305 1420 422 1483 eorpus
443 1399 576 1465 satelliti
593 1399 769 1484 praestitit,
791 1399 888 1465 etiam
907 1399 935 1464 si
954 1399 1126 1465 incolumis

103 1489 232 1572 fuisset,
249 1488 480 1572 paenitentiam
494 1489 607 1554 salutis
622 1491 765 1554 aeturus:
786 1489 864 1573 quid
877 1488 963 1553 enim
978 1491 1046 1553 erat
1059 1492 1127 1553 tur·

69 1593 86 1644 5
104 1578 294 1732 piuisflqupp
312 1576 504 1661 Pompeium
521 1577 639 1731 {iiiii
646 1577 803 1679 benefitio
810 1577 925 1731 (pegrtsa‘l
941 1577 999 1731 οὺΜ.
1014 1575 1125 1731 ὒίρζιο
1145 1597 1170 1638 rs

105 1689 133 1732 s1
198 1690 217 1732 ο
278 1689 390 1732 more
455 1688 566 1732 uoa
640 1687 787 1732 aesioae
832 1689 883 1732 evi
917 1689 950 1731 v1
1028 1687 1126 1731 mus

105 1757 226 1840 pariter
248 1690 333 1822 euni)
345 1689 454 1840 patiriil
472 1755 594 1840 petitus
616 1760 679 1839 est,
707 1755 913 1840 concidisset,
937 1715 979 1821 si,
988 1687 1126 1821 dietata

104 1867 140 1911 re
166 1846 296 1930 publiea
324 1848 468 1911 servator
495 1846 576 1927 eius,
604 1845 632 1910 si
659 1845 796 1929 denique
819 1845 904 1909 filiae
928 1866 1004 1910 suae
1026 1844 1125 1910 funus

106 1937 234 2001 seeutus
254 1938 352 2018 esset,
370 1931 546 2000 etiamtunc
564 1934 643 2000 felix
660 1935 744 1998 mori
761 1935 885 2018 potuit:
907 1955 975 1999 non
992 1933 1127 2000 vidisset

105 2024 234 2090 strietos
258 2023 293 2088 in
315 2023 423 2089 oivilia
445 2024 553 2108 oapita
574 2044 742 2088 mucrones
760 2044 820 2088 nee
839 2021 942 2087 divisa
959 2044 1125 2106 pereussa·
1144 2041 1170 2082 ro

104 2114 193 2178 ribus
222 2113 401 2178 oecisorum
424 2113 522 2194 bona,
549 2116 586 2176 nt
609 2112 705 2176 etiam
730 2111 769 2177 de
792 2133 851 2177 suo
873 2112 1029 2196 perirent,
1058 2132 1126 2176 non

104 2203 231 2266 hastam
253 2201 435 2267 consularia
458 2200 563 2285 spolia
584 2201 775 2267 vendentem
793 2223 853 2267 nee
872 2201 984 2267 oaedes
1002 2201 1125 2266 looatas

105 2289 234 2373 publiee
262 2311 323 2355 nee
348 2289 531 2373 latrocinia,
560 2289 660 2373 bella,
688 2290 830 2373 rapinas,
859 2292 987 2355 tanturn
1016 2287 1125 2354 Catili-

70 2395 227 2443 anarum.
273 2379 315 2443 Μ.
340 2376 494 2443 Catonem
522 2377 551 2442 si
577 2401 596 2442 a
619 2376 725 2462 Cypro
753 2383 787 2443 et
808 2378 995 2444 hereditatis
1016 2378 1125 2465 regiae

106 2465 344 2551 dispensatione
370 2467 557 2532 redeuntem
580 2488 668 2532 mare
691 2467 875 2533 devorasset
896 2469 948 2534 vel
970 2489 1045 2534 oum
1068 2468 1125 2533 ills
1143 2485 1169 2526 ²⁵

194 2624 211 2678 1
230 2623 347 2679 dominu
359 2624 388 2679 A
405 2640 474 2680 corr.
488 2623 599 2679 Gronov
614 2623 626 2708 ll
644 2622 662 2678 5
680 2623 789 2678 Gneum
802 2626 831 2680 A
849 2624 904 2694 (Gn
920 2626 953 2680 in
968 2642 1023 2681 ras.
1034 2624 1125 2695 paulo

104 2697 207 2751 maiore
215 2695 268 2764 A')
281 2695 292 2768 tl
305 2695 323 2750 6
336 2695 595 2765 firmamentumque
607 2697 718 2765 ampelii
730 2696 772 2751 A⁵
785 2697 817 2750 ἐκ
829 2712 885 2751 raa
896 2697 985 2766 poeto
998 2698 1102 2752 maiore
1117 2695 1122 2768 Ι

105 2767 219 2892 npppioli
239 2770 303 2837 (nea
320 2769 424 2892 ialrua.
439 2769 518 2892 mnf}
531 2768 560 2892 hA
572 2767 587 2852 ll
605 2767 751 2893 {atltim
766 2768 842 2891 pubet
856 2767 939 2878 G'ertt
955 2766 967 2840 tl
984 2767 1019 2822 10
1038 2783 1125 2852 quam

104 2854 233 2982 ldleitzoeus
247 2846 367 2965 issetsiie
384 2838 673 2994 ¹'tiuirolpjsiitsietaii
689 2854 765 2965 stre
776 2846 1126 2993 Quasffiumpafi

104 2980 140 3036 1⁷
163 2981 188 3036 si
209 2982 275 3037 ada.
296 2982 447 3049 Solutum
470 2983 566 3038 malem
588 2983 645 3050 fere
670 2999 694 3035 s1
717 2980 895 3036 oooubmsset
916 2983 977 3036 sim.
996 2981 1126 3045 adderet

104 3053 140 3109 18
158 3055 284 3108 serrator
301 3054 414 3110 Fickert
435 3055 531 3108 seruat
551 3054 580 3109 A
601 3053 611 3125 ll
635 3051 669 3107 21
690 3053 799 3106 utiam
817 3068 914 3107 omnes
932 3052 1005 3107 diem
1026 3069 1125 3122 supre-

104 3141 182 3179 mum
200 3125 397 3195 opperirentur
414 3125 573 3180 dubitanter
589 3126 660 3179 ooai.
676 3123 783 3179 Gemoll
800 3122 810 3196 ll
827 3123 864 3178 ἓξ
876 3123 990 3178 hastam
1004 3140 1022 3182 ς
1039 3123 1125 3178 hasta

103 3197 132 3252 A
153 3196 156 3269 l
177 3213 230 3252 nee
249 3197 349 3252 caedes
367 3196 476 3252 loeatas
493 3194 607 3264 publiea
624 3211 677 3250 nee
694 3193 845 3250 latrocinia
859 3194 955 3263 Gertr,
973 3202 1000 3251 et
1011 3196 1053 3250 tta
1066 3197 1126 3251 iam

105 3269 269 3340 Matvtqtes
293 3274 460 3333 comoneat,
484 3267 542 3320 nisi
619 3266 638 3320 d
662 3267 688 3320 is
712 3267 828 3322 altemm
855 3282 908 3321 neo
932 3267 1045 3322 sustulit
1071 3282 1125 3322 neo

105 3339 195 3411 cedes.
233 3355 285 3394 neo
312 3339 407 3394 locata
434 3336 547 3407 publice
586 3337 725 3391 atrooinia
746 3338 775 3392 A
780 3357 791 3405 ;
819 3339 954 3393 matonis
980 3344 1126 3408 emmae

104 3411 249 3480 satiem
270 3411 342 3465 tone
359 3411 445 3477 feisse
462 3409 580 3476 famam
597 3410 756 3478 suspiratio
772 3409 923 3465 Schultess.-
947 3425 999 3464 neo
1022 3410 1125 3465 caedes

87 3482 320 3606 tsseissssiffapiii
343 3479 471 3550 publice,
495 3478 645 3534 latrocinia
662 3478 790 3547 Antonii,
813 3479 980 3536 Dolabellae
997 3480 1124 3550 rapinas,

116 3565 138 3598 n
246 3567 266 3605 a
301 3569 427 3610 inarum.
