2400 3840
119 232 186 299 324
313 229 343 284 L.
358 228 501 284 ANNAEI
518 227 682 284 SENECAE
702 228 797 285 DIAL.
810 228 878 283 LIB.
892 227 939 286 XI.

119 397 237 462 magna
258 375 396 440 felicitas
419 375 455 439 in
475 376 547 458 ipsa
568 375 757 439 necessitate
780 374 946 439 moriendi.
991 373 1076 440 nihil
1098 398 1143 441 ne

118 467 154 530 in
175 468 282 529 totum
305 463 435 547 quidem
458 463 542 528 diem
566 463 644 528 certi
667 467 732 528 est:
760 463 831 548 quis
854 463 890 527 in
911 467 978 529 tam
1002 464 1144 530 obscura

120 558 152 620 et
178 553 325 619 involuta
351 553 485 618 veritate
512 551 648 638 divinat,
676 556 826 617 utrumne
853 552 946 618 fratri
969 556 1026 618 tuo
1049 575 1142 620 mors

118 642 270 708 inviderit
292 665 334 707 an
356 641 576 708 consuluerit?

85 770 99 819 1
208 747 247 814 X.
283 747 370 814 Illud
397 770 540 833 quoque,
567 770 631 832 qua
657 748 781 813 iustitia
806 748 841 812 in
869 748 1018 814 omnibus
1041 749 1144 815 robus
1178 768 1190 809 e

119 860 168 923 es,
189 859 318 905 necesso
340 842 389 903 est
410 842 442 902 te
461 838 591 902 adiuvet
610 838 805 923 cogitantem
823 859 889 902 non
910 837 1062 903 iniuriam
1080 839 1146 904 tibi

118 928 250 1012 factam,
281 927 368 1011 quod
397 927 495 992 talem
524 927 657 991 iraham
685 926 835 1010 amisisti,
863 927 919 991 sed
946 927 1145 992 beneficium

119 1018 244 1102 datum,
275 1017 362 1100 quod
391 1020 459 1081 tam
492 1017 548 1080 diu
582 1014 644 1080 tibi
677 1016 795 1099 pietate
829 1015 898 1080 eius
930 1015 979 1080 uti
1010 1015 1145 1099 fruique

83 1107 219 1174 clicuit
264 1105 394 1189 iniquus
425 1109 486 1187 est,
516 1105 573 1188 qui
603 1104 744 1170 muneris
774 1103 825 1170 sui
852 1103 1021 1169 arbitrium
1049 1105 1145 1171 danti

118 1218 186 1260 non
207 1195 374 1278 relinquit,
401 1195 528 1278 avidus,
551 1194 608 1277 qui
629 1215 696 1258 non
717 1194 801 1259 lucri
822 1194 894 1259 loco
918 1193 1029 1278 habet,
1053 1195 1144 1278 quod
1164 1216 1189 1256 ro

120 1285 257 1369 accepit,
285 1284 341 1350 sed
369 1283 490 1367 damni,
520 1282 607 1365 quod
630 1283 776 1347 reddidit.
822 1283 968 1369 ingratus
992 1285 1054 1366 est,
1084 1285 1145 1367 qui

119 1374 270 1438 iniuriam
299 1375 394 1436 vocat
422 1372 520 1436 finem
547 1372 738 1455 voluptatis,
767 1372 899 1455 stultus,
929 1372 985 1456 qui
1011 1372 1145 1438 nullum

118 1463 260 1526 fructum
283 1482 351 1526 osse
370 1463 464 1544 putat
480 1460 640 1525 bonorum
657 1462 722 1525 nisi
739 1461 970 1544 praesentium,
993 1461 1051 1545 qui
1073 1483 1145 1527 non

119 1555 152 1616 et
174 1551 210 1614 in
230 1549 410 1633 praetoritis
434 1549 612 1633 adquiescit
635 1553 668 1614 et
690 1572 727 1615 ea
745 1549 865 1615 iudicat
884 1549 1032 1633 certiora,
1058 1571 1144 1633 quae

120 1638 280 1722 abierunt,
308 1639 384 1723 quia
407 1639 445 1703 de
467 1639 533 1704 illis
555 1660 597 1704 ne
620 1639 768 1703 desinant
790 1661 857 1704 non
879 1643 928 1704 est
949 1640 1143 1705 timendum.
1163 1661 1188 1702 rs

84 1729 215 1796 animis
239 1731 390 1814 angustat
412 1728 530 1814 gaudia
555 1749 628 1812 sua,
650 1728 707 1812 qui
729 1729 774 1792 eis
793 1728 1033 1810 tantummodO,
1058 1751 1144 1813 quae

116 1817 217 1884 babet
244 1839 281 1883 ac
307 1817 409 1901 videt,
435 1817 500 1882 frui
527 1838 560 1882 se
588 1820 682 1901 putat
709 1821 742 1882 et
768 1817 917 1882 habuisse
945 1817 1057 1881 eadem
1080 1840 1143 1903 pro

118 1907 221 1973 nihilo
250 1907 352 1992 ducit,
379 1908 444 1972 cito
472 1907 558 1971 enim
585 1928 645 1972 nos
674 1907 779 1970 omnis
802 1907 951 1990 voluptas
974 1907 1144 1991 relinquit,

119 2018 200 2080 quae
218 1997 292 2061 fluit
311 2000 342 2061 et
360 1996 477 2060 transit
495 1999 527 2060 et
544 2016 645 2078 paene
664 1999 738 2059 ante
753 2016 849 2078 quam
864 1996 971 2060 veniat
985 1994 1142 2061 aufertur.

118 2087 227 2171 itaque
250 2086 285 2149 in
307 2085 515 2169 praeteritum
538 2087 665 2168 tempus
689 2084 814 2150 animus
838 2084 1014 2149 mittandus
1038 2088 1090 2149 est
1109 2089 1144 2150 et
1162 2109 1188 2148 re

119 2174 273 2258 quicquid
300 2196 360 2239 nos
388 2195 542 2256 umquam
570 2172 742 2238 delectavit
767 2172 984 2238 reducendum
1012 2194 1051 2238 uc
1079 2174 1143 2240 fre-

119 2264 231 2346 quenti
254 2263 450 2348 cogitatione
473 2263 734 2346 pertractandum
757 2266 818 2327 est:
847 2262 977 2348 longior
998 2261 1144 2328 fidelior-

82 2369 181 2436 4que
209 2355 258 2416 est
284 2352 439 2416 memoria
466 2352 669 2434 voluptatum
697 2372 794 2434 quam
817 2351 1004 2435 praesentia.
1052 2354 1143 2437 quod

118 2440 260 2505 habuisti
279 2461 356 2526 ergo
375 2440 535 2524 optimum
553 2440 699 2523 fratrem,
721 2440 756 2504 in
774 2441 908 2505 summis
927 2440 1020 2505 bonis
1039 2443 1143 2524 ponel

118 2550 185 2593 non
208 2533 258 2594 est
281 2529 367 2613 quod
391 2531 527 2615 cogites,
556 2532 676 2613 quanto
700 2529 821 2593 diutius
844 2528 962 2594 habere
984 2531 1186 2615 potueritque

119 2618 174 2684 sed
198 2640 295 2702 quam
319 2618 374 2684 diu
397 2618 555 2683 habueris.
600 2641 707 2683 rerum
729 2622 845 2683 natura
862 2618 955 2682 illum
973 2616 1035 2682 tibi
1055 2619 1144 2686 sicut

119 2708 232 2773 catoris
259 2707 373 2772 iratres
402 2729 476 2772 suos
504 2730 571 2773 non
597 2708 757 2792 mancipio
786 2707 888 2791 dedit,
914 2706 970 2771 sed
997 2728 1144 2775 commo-

207 2883 223 2936 1
249 2881 418 2937 necessitate
439 2883 562 2954 Heylbot
585 2884 617 2937 ia
642 2883 748 2938 dissert.
770 2884 862 2938 Boon.
884 2886 955 2938 1876
983 2884 1060 2938 Thea
1082 2886 1148 2941 VII

118 2952 256 3009 felicitato
278 2955 300 3009 0
322 2953 462 3008 facilitate
481 2956 641 3024 Petscbeoiq
663 2953 673 3026 ll
697 2954 715 3008 2
737 2954 768 3007 in
786 2960 849 3009 onte
866 2954 928 3008 tam
946 2953 1067 3009 obscura
1086 2956 1142 3011 del.

123 3027 166 3083 W.
187 3026 293 3081 Gemoll
314 3025 323 3096 ll
347 3025 366 3079 3
387 3025 509 3080 ueritate
531 3026 554 3081 0
579 3026 718 3080 varietate
736 3026 892 3081 Pincianus
913 3026 973 3080 coll.
992 3043 1014 3080 o.
1034 3031 1113 3094 11,5
1133 3027 1145 3102 Η

117 3096 289 3152 linuiderit
304 3098 332 3152 V
349 3103 375 3151 et
390 3098 459 3166 oola.
483 3095 612 3150 inuideat
633 3096 682 3168 ΘΗ
704 3096 722 3150 3
740 3114 769 3151 es
784 3097 940 3152 Pincianus
958 3099 1001 3151 est
1022 3097 1045 3152 0
1066 3097 1069 3169 Ι
1091 3115 1144 3154 ne-

119 3185 194 3224 cesse
213 3171 257 3223 est
269 3168 368 3223 DEV
381 3184 493 3222 necesso
508 3167 603 3222 BHG
622 3167 668 3290 lkS
686 3167 740 3222 tibi
759 3168 867 3237 pietate
885 3167 944 3222 eius
962 3167 1007 3222 uti
1024 3166 1145 3238 fruique

117 3240 199 3294 licuit
219 3239 280 3294 BG
305 3239 413 3308 pietate
436 3256 459 3293 e.
474 3237 534 3292 uf.
554 3237 608 3293 tibi
642 3238 713 3292 icuit
730 3240 797 3293 DE
820 3239 928 3308 pietate
946 3238 1006 3293 eius
1025 3237 1143 3310 fruique

117 3310 172 3366 tibi
190 3310 272 3365 licuit
286 3312 321 3365 Η
335 3311 443 3380 pietate
461 3310 521 3364 eius
538 3308 593 3363 tibi
605 3310 650 3363 uti
663 3310 745 3364 licuit
760 3310 803 3381 Vl
828 3310 863 3364 10
876 3310 1012 3380 relinquit
1025 3311 1054 3365 B
1073 3313 1143 3368 reli-

119 3383 181 3451 quit
195 3383 219 3437 0
234 3382 244 3454 ll
262 3381 297 3436 13
316 3398 377 3436 esse
390 3383 475 3450 putat
488 3382 516 3435 B
534 3383 618 3449 putat
632 3397 691 3436 esse
707 3380 795 3437 GGV
813 3380 817 3454 Ι
834 3381 870 3436 23
886 3381 1096 3450 uoluptandum
1112 3386 1144 3440 B

117 3470 186 3508 corr.
201 3456 269 3508 cu2
288 3455 297 3522 Η
314 3452 350 3507 23
368 3453 417 3507 sed
433 3455 500 3508 ma
516 3453 626 3507 addin
639 3454 668 3508 B
689 3452 692 3525 l
712 3451 805 3507 tibiB
818 3470 853 3508 m.
866 3457 886 3508 2
899 3459 925 3508 et
936 3454 1005 3524 coly.
1020 3452 1077 3509 sibi
1095 3456 1144 3528 0ss

108 3523 151 3578 27
170 3523 277 3580 fratres
303 3540 369 3581 suos
393 3525 512 3596 Madoiq
538 3523 674 3579 fratribus
702 3540 766 3577 suos
792 3525 815 3579 0
842 3522 976 3578 fratribus
1004 3524 1063 3579 suis
1090 3528 1142 3601 Vl

95 3597 249 3669 mancipio
263 3599 297 3656 B
314 3598 481 3673 mancipios
496 3597 564 3658 GH
578 3599 614 3656 in
628 3595 840 3664 mauerqiurnv
859 3610 911 3647 oro.
920 3595 985 3647 BE
