2400 3840
73 150 116 218 88
268 148 299 202 n.
313 148 455 202 inuam
473 146 638 203 saracin
657 146 751 203 nnn.
765 146 833 203 ms.
846 144 896 203 rv.

73 297 136 377 est,
158 291 187 358 si
207 291 290 357 nihil
311 292 411 358 habet
431 292 480 358 ira
502 292 670 358 valentius.
706 313 766 358 nec
783 294 945 359 lamonem
964 300 1100 379 oportet

73 403 141 447 esse
172 402 232 447 nec
263 382 428 466 praedam,
461 403 521 447 nec
553 382 791 447 misericordem
821 403 883 448 nec
914 383 1099 451 crudelem:

71 472 158 536 illius
190 471 288 536 nimis
320 472 427 536 mollis
461 471 601 553 animus,
636 471 732 536 huius
767 471 863 536 nimis
896 471 1001 539 durus
1035 478 1099 559 est3

71 564 268 644 temperatus
298 560 342 625 sit
371 560 497 645 sapiens
525 564 558 625 et
585 560 698 625 adres
722 560 837 625 fortius
860 561 1006 647 agendas
1030 584 1099 629 non

71 649 152 714 iram
176 650 232 714 sed
254 648 320 714 vim
344 649 502 714 adhibeat.
1124 670 1134 711 s

38 758 52 804 1
161 736 279 803 XVIII.
317 737 476 816 Quoniam
506 759 588 821 quae
618 738 657 802 de
683 737 732 803 ira
754 741 956 821 quaeruntur
977 742 1099 807 tracta·

72 827 192 910 vimus,
222 828 410 893 accedamus
442 827 483 892 ad
513 826 655 891 remedia
687 827 763 892 eius.
810 828 873 892 duo
903 831 1035 915 autem,
1062 835 1099 897 ut

73 916 202 1000 opinor,
223 920 311 982 sunt:
333 940 375 981 ne
397 916 576 981 incidamus
599 915 634 980 in
651 916 733 980 iram
752 919 785 980 et
801 938 844 981 ne
860 916 896 981 in
913 916 966 981 ira
983 940 1099 1003 pecco

71 1026 151 1071 mus.
197 1008 234 1070 ut
256 1006 290 1069 in
314 1026 484 1089 corporum
508 1026 585 1070 cura
607 1004 671 1070 alia
693 1006 732 1070 de
754 1006 875 1071 tuenda
896 1006 1099 1093 valetudine,

71 1095 134 1160 alia
166 1094 205 1159 de
236 1093 434 1159 restituenda
465 1097 636 1178 praecepta
672 1098 762 1178 sunt,
797 1094 844 1160 ita
878 1094 977 1161 aliter
1013 1095 1099 1163 iram
1114 1116 1136 1157 u

71 1184 223 1250 debemus
260 1183 428 1266 repellere,
465 1183 558 1248 aliter
594 1204 804 1267 compescere.
867 1187 905 1249 ut
941 1184 1099 1271 vitemus,

72 1271 228 1356 quaedam
260 1271 301 1336 ad
332 1270 514 1335 universam
545 1272 646 1337 vitam
675 1272 870 1357 pertinentia
893 1274 1099 1360 praecipien-

70 1366 138 1425 turz
166 1382 203 1424 ea
230 1359 265 1424 in
292 1358 513 1425 educationem
537 1364 570 1425 et
591 1361 626 1425 in
649 1361 816 1445 sequentia
837 1364 989 1446 tempora
1016 1363 1099 1430 divi-

72 1449 195 1513 dentm

37 1557 53 1605 2
161 1535 319 1601 Educatio
342 1537 515 1602 maximam
539 1538 739 1624 diligentiam
757 1539 1004 1624 plurimumque
1023 1563 1098 1627 pro
1114 1558 1135 1601 s

70 1626 214 1690 futuram
229 1625 400 1710 desiderat3
417 1626 511 1692 facile
528 1631 577 1692 est
595 1628 680 1693 enim
699 1631 826 1693 teneros
845 1627 951 1694 adhuc
965 1630 1098 1697 ammos

72 1735 277 1800 componere,
304 1714 478 1781 difficulter
504 1716 690 1782 reciduntur
712 1717 791 1781 vitia
814 1739 896 1801 quae
919 1717 1096 1787 nobiscum

72 1808 247 1870 creverunt.

38 1913 52 1962 1
160 1893 245 1959 XIX.
277 1891 558 1978 Opportunissima
581 1894 621 1958 ad
639 1894 837 1959 iracundiam
854 1894 973 1959 fervidi
992 1896 1096 1963 animi

69 1988 185 2049 natura
218 1988 273 2049 est.
318 2006 395 2047 nam
425 2004 499 2048 cum
528 1983 686 2048 elementa
713 1983 778 2048 sint
806 1986 974 2067 quattuor,
998 1986 1095 2073 ignis,
1111 2004 1133 2045 s
1178 2026 1181 2073 ÷

71 2094 186 2156 aquae,
208 2073 303 2155 aeris,
326 2076 444 2156 terrae,
465 2075 641 2156 potestates
664 2093 757 2155 pares
775 2072 825 2137 his
845 2075 935 2156 sunt,
956 2072 1096 2159 fervida,
1178 2092 1182 2107 ·

70 2160 201 2246 frigida,
224 2161 312 2225 arida
335 2165 431 2244 atque
454 2161 577 2225 umida:
607 2165 639 2225 et
665 2162 811 2227 locorum
834 2161 945 2245 itaque
968 2166 1004 2227 et
1028 2164 1095 2229 ani·
1179 2204 1182 2243 ς

71 2249 204 2313 mulium
237 2253 270 2313 et
301 2270 472 2333 corporum
509 2254 542 2315 et
577 2272 704 2314 morum
741 2250 911 2315 varietates
948 2250 1095 2319 mixtura
1180 2292 1183 2297 ·

71 2338 302 2403 elementorum
326 2337 417 2420 facit,
440 2342 472 2404 et
494 2338 628 2423 proinde
647 2339 755 2422 aliquo
775 2339 878 2424 magis
896 2338 1095 2408 incumbunt

70 2427 213 2511 ingenia,
242 2429 340 2511 prout
368 2426 501 2492 alicuius
530 2427 680 2492 elementi
706 2427 810 2493 maior
831 2428 880 2493 vis
904 2427 1092 2497 abundamt.
1109 2445 1132 2487 ἥ
1181 2466 1184 2471 -

70 2514 145 2579 inde
175 2514 329 2598 quasdam
358 2515 482 2580 umidas
509 2538 662 2581 vocamus
689 2516 858 2601 aridasque
884 2517 1038 2603 regiones
1062 2523 1094 2585 et

71 2603 190 2669 calidas
222 2607 255 2668 et
285 2603 426 2690 frigidas.
486 2605 596 2669 eadem
633 2605 820 2670 animalium
855 2606 1093 2694 hominumque

36 2692 255 2762 sdiscrimina
283 2696 371 2757 sunt:
406 2693 504 2758 refert
532 2697 688 2778 quantum
714 2695 851 2778 quisque
872 2695 976 2760 umidi
997 2696 1037 2762 in
1059 2718 1093 2763 se
1184 2742 1187 2749 -

71 2781 229 2864 calidique
253 2782 429 2866 contineat3
452 2782 542 2847 cuius
566 2783 601 2847 in
623 2783 680 2848 illo
704 2783 855 2849 elementi
871 2784 980 2867 portio
999 2806 1093 2871 prae
1185 2792 1188 2833 ¹

70 2870 204 2954 valebit,
235 2870 309 2935 inde
341 2892 445 2936 mores
478 2875 579 2936 erunt.
633 2872 802 2938 iracundos
835 2871 958 2937 fervida
990 2874 1093 2940 animi
1109 2891 1133 2931 ω
1183 2942 1188 2961 ,

70 2963 185 3025 natura
220 2958 330 3024 faciet:
367 2965 415 3024 est
447 2960 532 3024 enim
565 2963 715 3025 actuosus
749 2965 781 3026 et
810 2961 958 3044 pertinax
990 2962 1093 3049 ignis3
1186 3022 1190 3037 ,

141 3153 159 3207 2
176 3153 313 3221 praedam
328 3154 423 3207 Maret
441 3153 593 3225 predonem
607 3155 635 3208 A
652 3153 662 3226 Η
680 3150 718 3207 'lc
737 3146 983 3223 Opportunissima
997 3156 1026 3211 A
1044 3158 1094 3213 scd

66 3226 146 3293 prior
164 3242 183 3293 p
202 3226 312 3294 punctis
329 3229 426 3279 arctata
443 3231 482 3279 cst
502 3224 505 3296 Ι
525 3223 635 3279 fervida
652 3226 733 3280 malit
750 3226 895 3281 Klammcr
915 3225 920 3297 Ι
950 3225 988 3281 21
1007 3228 1092 3295 aeris,

69 3298 175 3363 terrae,
190 3311 281 3365 aquae
296 3295 394 3361 (imm
412 3296 672 3364 &transpositione
684 3313 760 3351 acccc
773 3296 881 3352 dubito:
899 3313 914 3351 c
944 3300 1094 3355 ordinem

69 3368 211 3423 cadmum
229 3371 353 3435 ep.13‚5
371 3367 412 3435 (p.
427 3370 499 3434 32,6
512 3367 563 3436 Η.)
587 3366 598 3450 l]
621 3366 658 3421 24
683 3366 779 3436 aliquo
804 3369 896 3438 magis
920 3368 1093 3425 incumbunt

69 3437 185 3507 ingenia
209 3439 328 3508 Madvig
354 3437 495 3505 inaliquos
522 3454 614 3508 magis
641 3438 808 3492 incumbunt
832 3439 948 3509 ingenia
970 3442 1036 3497 AL
1061 3442 1093 3497 in

71 3508 186 3577 aliquod
205 3527 241 3564 m.
256 3510 274 3562 i.
289 3509 433 3579 ingenium
449 3509 531 3564 Gertz
549 3509 560 3581 ll
576 3508 612 3562 29
631 3509 791 3580 calflidique
807 3512 834 3564 A
852 3510 874 3577 (l
890 3512 971 3579 cras.)
