2400 3840
376 180 425 235 ou
444 180 508 234 111
527 178 594 236 nm.
608 179 642 234 n.
676 178 752 235 ear.
770 185 802 234 10
1056 183 1098 248 81

82 326 165 390 tiens
199 325 362 411 prodierat
396 329 428 390 11
458 328 585 390 tantum
618 325 703 390 circa
734 347 768 390 se
799 325 882 390 male
913 325 1100 410 viventium,

82 416 180 479 immo
217 416 300 480 male
336 416 539 498 pereuntium
575 414 712 497 viderat,
748 414 858 498 flebat,
892 415 1101 480 miserebatur

83 505 239 606 omnium,
271 504 328 588 qui
343 504 422 606 ⁸sibi
445 504 545 605 'laeti'
561 504 733 605 felicesque
771 504 993 606 occurrebant,
1028 504 1100 569 miti

49 593 417 747 1111011111ῗῖ1ῑί
441 592 1100 764 111111111111111011

81 771 212 854 publico
240 771 352 854 fuiss03
379 770 458 836 adeo
481 771 564 834 nihil
586 771 636 835 illi
658 770 826 835 videbatur
849 770 966 835 serium
989 792 1099 836 eorum

82 882 164 943 quae
194 860 276 925 serio
305 859 503 944 gerebantur.
554 859 610 923 ubi
632 859 706 924 istic
728 859 793 923 irae
816 860 906 924 locus
930 859 998 924 est?
1044 863 1100 924 aut

81 947 214 1012 ridenda
236 949 344 1013 omnia
366 951 421 1013 aut
444 948 549 1012 flenda
572 951 654 1013 sunt.
699 970 766 1012 non
792 949 947 1013 irascetur
974 948 1099 1032 sapiens
1119 965 1134 1014 a

81 1037 302 1120 peccantibus:
321 1037 441 1121 quare?
472 1037 548 1121 quia
567 1038 628 1103 scit
644 1037 805 1102 neminem
820 1037 910 1102 nasci
924 1037 1100 1122 sapientem

35 1147 63 1189 ιο
82 1126 138 1191 sed
159 1127 243 1210 fieri,
266 1127 327 1192 scit
349 1127 560 1211 paucissimos
582 1127 671 1191 omni
688 1147 766 1190 aevo
786 1126 941 1210 sapientis
960 1126 1101 1211 evadere,

82 1216 158 1298 quia
190 1215 412 1281 condicionem
443 1217 601 1280 humanae
637 1215 722 1279 vitae
758 1217 959 1300 perspectam
990 1216 1100 1298 habet,

80 1326 175 1368 nemo
207 1309 315 1370 autem
345 1308 478 1370 naturae
511 1326 606 1370 sanus
638 1304 793 1369 irascitur.
842 1304 919 1388 quid
946 1304 1045 1386 enim,
1072 1304 1100 1368 si

80 1394 191 1458 mirari
217 1395 296 1458 velit
322 1416 389 1459 non
415 1395 450 1458 in
473 1392 671 1458 silvestribus
695 1393 798 1458 dumis
822 1415 919 1477 poma
941 1393 1100 1477 pendere?

81 1483 173 1566 quid,
210 1483 237 1548 si
268 1484 402 1547 miretur
434 1483 559 1566 spineta
590 1485 758 1565 sentesque
789 1503 856 1546 non
887 1482 961 1546 utili
992 1482 1100 1565 aliqua

35 1593 62 1635 ra
80 1571 174 1656 fruge
206 1571 382 1654 compleri?
432 1593 527 1635 nemo
559 1571 720 1655 irascitur,
752 1571 808 1635 ubi
839 1571 955 1635 vitium
985 1575 1100 1636 natura

82 1659 232 1723 defendit.
277 1659 422 1742 placidus
450 1660 557 1742 itaque
583 1660 709 1742 sapiens
733 1663 765 1724 et
787 1682 907 1743 aequus
931 1661 1134 1744 erroribus?

81 1768 149 1810 non
171 1747 274 1810 hostis
298 1747 353 1811 sed
376 1751 537 1811 corrector
559 1747 773 1831 peccantium,
796 1749 859 1813 hoc
878 1748 1009 1813 cottidie
1028 1770 1100 1832 pro-

83 1833 168 1899 cedit
191 1835 311 1898 animo:
344 1835 456 1899 ‘multi
477 1836 558 1899 mihi
581 1839 749 1900 occurrent
770 1837 846 1900 vino
871 1836 983 1919 dediti,
1006 1837 1101 1900 multi

82 1923 261 2006 libidinosi,
283 1924 378 1988 multi
395 1924 528 2009 ingrati,
546 1924 641 1988 multi
659 1924 760 2008 avari,
779 1925 873 1989 multi
890 1925 983 1989 iuriis
1002 1924 1100 1988 ambi-

35 2037 63 2079 ro
82 2013 181 2077 tionis
205 2012 340 2098 agitati'
377 2014 484 2077 omnia
506 2015 569 2078 ista
586 2017 653 2077 tam
672 2013 832 2097 propitius
851 2013 985 2096 aspiciet
1004 2035 1100 2097 quam

82 2123 195 2188 aegros
228 2123 303 2167 suos
335 2103 485 2169 medicus.
530 2103 688 2187 numquid
717 2102 786 2185 ille,
815 2103 905 2166 cuius
934 2102 1135 2188 navigiums

82 2193 216 2256 multam
235 2191 376 2276 undique
394 2192 509 2256 laxatis
529 2192 727 2277 conpagibus
742 2213 858 2275 aquam
872 2191 981 2274 trahit,
993 2192 1099 2257 nautis

81 2281 208 2364 ipsique
230 2281 361 2366 navigio
385 2281 554 2346 irascitur?
592 2281 732 2347 occmrit
753 2280 862 2364 potius
883 2283 915 2344 et
933 2280 1029 2345 aliam
1048 2303 1100 2345 ex-

83 2369 184 2435 cludit
212 2370 344 2449 undam,
373 2371 468 2435 aliam
497 2370 611 2456 egerit,
639 2370 808 2435 manifesta
830 2369 988 2434 foramina
1010 2393 1100 2454 prae-

35 2481 62 2524 11
83 2458 198 2542 cludit,
228 2459 401 2524 latentibus
431 2463 464 2524 11
493 2482 533 2524 ex
562 2460 689 2524 occulto
722 2459 878 2524 sentinam
911 2458 1099 2524 ducentibus

82 2547 191 2611 labore
211 2548 362 2612 continuo
381 2549 510 2632 resistit,
527 2569 587 2614 nec
604 2548 676 2613 ideo
695 2548 888 2631 intermittit,
906 2548 983 2631 quia
1002 2570 1100 2632 quan-

81 2640 153 2700 tum
176 2636 365 2701 exhaustum
389 2641 437 2702 est
460 2636 669 2702 subnascitur.
714 2637 802 2701 lento
830 2637 989 2702 adiutorio
1018 2659 1098 2720 opus

82 2729 131 2790 est
154 2728 266 2790 contra
288 2727 374 2790 mala
396 2726 549 2791 continua
572 2730 603 2790 et
625 2726 775 2809 fecunda,
796 2748 862 2790 non
885 2729 922 2790 ut
945 2725 1100 2810 desinant,

82 2814 200 2879 sedne
223 2814 361 2879 vincant.

173 2971 188 3025 7
210 2970 262 3026 ubi
289 2971 353 3026 istic
381 2971 441 3026 iras
467 2971 545 3027 locus
569 2973 724 3027 Pincianus
746 2970 797 3026 ubi
819 2971 948 3028 isticcine
973 2972 1051 3026 locus
1071 2972 1100 3028 A

81 3040 172 3112 (coine
196 3044 228 3097 in
252 3059 307 3098 ros.
329 3042 371 3099 Αὓ
395 3060 445 3098 occ
468 3045 536 3113 qaid
558 3049 641 3098 actea
657 3044 743 3111 fcerit
764 3046 887 3113 apparet)
911 3043 1038 3098 iaticcine
1058 3043 1100 3096 irc

81 3113 160 3168 locus
179 3116 222 3168 est
238 3113 290 3168 ubi
309 3115 359 3168 aut
376 3114 496 3169 ridenda
514 3116 541 3170 L
565 3114 575 3188 11
600 3114 635 3168 lo
657 3114 731 3182 fieri,
757 3114 811 3168 scit
834 3121 903 3170 reete
927 3115 1101 3183 icterpwnoeit

81 3185 182 3253 (iecta-
203 3187 287 3257 volu.-
304 3184 373 3240 fieri.
393 3186 447 3240 scit
468 3185 479 3258 11
501 3186 535 3240 17
554 3202 580 3253 s;
600 3187 740 3241 corrector
756 3186 935 3255 peccantium
949 3186 1100 3254 11111111

80 3273 167 3325 usqae
185 3257 259 3326 adp
278 3257 449 3327 111111.Λῆ
469 3275 495 3324 ες
515 3259 658 3326 correptor
675 3274 703 3326 p.
723 3258 750 3311 L
771 3257 774 3329 1
796 3258 913 3312 cottidie
930 3264 963 3312 ct
979 3256 1034 3311 oid.
1049 3255 1100 3323 ΑΙ,

79 3328 204 3383 radendo
222 3344 289 3383 corr.
304 3330 336 3383 io
355 3329 424 3383 coti-
445 3328 448 3400 1
469 3328 603 3397 procedet
621 3328 723 3384 mavolt
741 3328 824 3383 Gertz
845 3328 856 3402 11
880 3329 916 3382 20
934 3327 1054 3396 aspiciet
1073 3329 1106 3381 A

80 3398 220 3467 aspiciam
234 3402 304 3455 coci.
318 3401 435 3469 Lipsius
448 3399 532 3454 multi
545 3399 600 3455 tibi
615 3401 781 3456 occurrent.
794 3443 800 3456 .
813 3398 979 3468 „propitius
988 3413 1029 3447 aa
1041 3395 1127 3445 'xe'xee

78 3471 143 3526 Job.
159 3471 266 3526 Miller
297 3470 300 3542 1
323 3471 358 3526 21
382 3471 528 3543 navigium
547 3472 574 3528 L
598 3477 624 3530 ct
644 3473 718 3546 ootp.
735 3470 936 3541 econamum
957 3463 1033 3532 Ab
1114 3457 1152 3504 Q

81 3545 146 3612 (per
163 3557 219 3595 com
291 3543 481 3614 1111111111.
503 3545 547 3603 Αὓ

122 3644 240 3690 sarmosia
251 3653 368 3698 ornan.
379 3657 398 3698 1.
409 3657 449 3702 ad.
459 3659 599 3704 Hermas.
931 3648 953 3695 1)
