2400 3840
108 192 171 261 176
302 191 333 245 L.
346 189 489 246 ANNAEI
507 189 671 246 SENECAE
689 189 785 245 DlAL.
799 189 867 244 LIB.
881 188 929 246 VI.

105 340 234 402 natura:
258 330 434 402 ‘neminem
450 334 583 422 decipio.
616 340 653 401 tu
667 335 695 401 si
709 336 794 402 filios
808 334 987 419 sustuleris,
1003 334 1125 420 poteris

106 426 222 491 habere
254 425 427 510 formosos,
460 429 493 491 et
522 425 680 491 deformes
710 425 846 511 poteris3
877 424 1014 489 fortasse
1042 424 1126 490 muti

105 518 285 581 nascentur.
331 535 400 580 esse
429 515 546 598 aliquis
576 536 616 580 ex
645 514 709 579 illis
739 518 808 579 tam
837 516 981 579 servator
1002 513 1126 599 patriae

72 621 87 670 ι
107 625 203 688 quam
226 604 373 689 proditor
394 604 522 688 poterit.
573 625 641 670 non
663 607 712 669 est
736 603 822 688 quod
846 604 993 688 desperes
1016 605 1126 668 tantae

106 693 302 779 dignationis
335 693 476 777 futuros,
507 697 544 759 ut
572 713 668 758 nemo
695 692 757 758 tibi
783 696 916 777 propter
943 691 1019 757 illos
1041 694 1125 757 male
1157 711 1169 751 ι

107 782 210 848 dicere
240 783 368 867 audeat3
400 804 545 866 propone
574 786 683 847 tamen
713 785 745 847 et
773 785 882 846 tantae
909 781 1036 846 futuros
1058 785 1125 846 tur-

106 871 276 956 pitudinis,
298 875 335 937 ut
357 871 420 955 ipsi
443 871 613 937 maledicta
636 871 709 936 sint.
752 870 835 936 nihil
856 873 946 936 vetat
967 870 1042 936 illos
1065 870 1125 935 tibi

106 981 255 1046 suprema
277 964 439 1046 praestare
463 964 496 1026 et
516 957 641 1025 laudari
664 964 696 1026 te
719 982 739 1024 a
760 959 870 1025 liberis
894 958 973 1043 tuis,
1000 959 1056 1024 sed
1079 959 1125 1025 sic

104 1055 137 1116 te
160 1072 238 1134 para
260 1054 426 1134 tamquam
449 1049 483 1114 in
504 1050 614 1136 ignem
631 1049 830 1133 impositurus
848 1049 900 1113 vel
918 1070 1054 1132 puerum
1073 1050 1125 1114 vel

105 1139 253 1205 iuvenem
276 1140 328 1204 vel
352 1160 474 1204 senem:
501 1140 583 1203 nihil
606 1139 691 1204 enim
715 1139 755 1203 ad
772 1160 841 1204 rem
858 1137 1023 1223 pertinent
1040 1137 1126 1221 anni,
1144 1156 1169 1197 ro

106 1229 259 1312 quoniam
281 1229 407 1292 nullum
430 1249 497 1292 non
519 1228 670 1293 acerbum
693 1227 791 1293 funus
814 1231 875 1311 est,
899 1227 986 1311 quod
1009 1248 1125 1310 parens

106 1316 271 1402 sequitur?
316 1321 392 1400 post
416 1316 475 1381 has
503 1317 591 1402 leges
614 1318 811 1401 propositas,
834 1317 862 1381 si
884 1316 1003 1381 liberos
1027 1317 1125 1400 tollis,

105 1406 194 1470 omni
225 1405 302 1471 deos
333 1405 454 1471 invidia
485 1405 616 1489 liberas,
648 1405 704 1489 qui
735 1406 795 1472 tibi
826 1405 909 1470 nihil
941 1404 1021 1471 certi
1052 1426 1126 1491 spo·

104 1492 321 1578 ponderunt.*

71 1618 86 1666 1
194 1598 312 1665 XVlII.
349 1600 405 1666 Ad
432 1603 516 1666 hanc
545 1601 719 1687 imaginem
748 1600 886 1688 agedum
915 1601 1016 1666 totius
1038 1600 1125 1665 vitae
1145 1618 1170 1660 ιι

105 1689 274 1755 introitum
300 1689 392 1755 refer.
439 1712 480 1755 an
507 1688 681 1776 Syracusas
708 1690 827 1756 viseres
852 1689 1041 1755 deliberanti
1063 1689 1126 1755 tibi

106 1778 260 1863 quicquid
278 1777 435 1845 delectare
453 1783 593 1864 poterat,
612 1780 765 1865 quicquid
784 1779 957 1863 offendere,
977 1779 1126 1864 exposui3

105 1873 185 1954 puta
206 1870 351 1934 nascenti
374 1892 425 1935 me
448 1870 507 1935 tibi
530 1870 638 1935 venire
661 1870 696 1934 in
718 1870 902 1935 consilium:
933 1869 1125 1934 ‘intraturus

106 1979 140 2024 es
171 1959 285 2024 urbem
319 1959 381 2044 dis,
417 1959 603 2024 hominibus
641 1981 858 2042 communem,
895 1958 1004 2023 omnia
1040 1978 1126 2023 com·

104 2049 246 2132 plexum,
283 2048 377 2113 certis
408 2049 536 2135 legibus
568 2049 770 2133 aeternisque
806 2047 1000 2130 deductam,
1037 2047 1126 2112 inde·
1144 2064 1170 2104 ιο

70 2152 86 2200 a
105 2136 241 2222 fatigata
263 2136 449 2203 caelestium
473 2138 581 2203 officia
603 2139 795 2202 volventem.
841 2136 964 2202 videbis
987 2135 1055 2202 illic
1077 2136 1125 2200 in-

105 2225 319 2290 numerabiles
348 2227 456 2291 stellas
484 2227 616 2310 micare,
642 2226 765 2291 videbis
793 2247 858 2290 uno
886 2226 989 2290 sidere
1017 2226 1126 2291 omnia

105 2313 227 2397 inplere
260 2316 375 2398 solem,
407 2315 567 2380 cotidiano
601 2336 697 2380 cursu
727 2315 790 2380 diei
821 2315 991 2399 noctisque
1020 2315 1125 2399 spatia

106 2401 301 2487 signantem,
323 2425 431 2468 annuo
450 2407 587 2469 aestates
605 2402 791 2488 hiemesque
810 2404 975 2489 aequalius
994 2403 1125 2487 quidem

105 2490 309 2557 dividentem.
353 2492 477 2558 videbis
502 2496 693 2558 nocturnam
715 2494 811 2558 lunae
834 2493 1084 2575 successionem,
1106 2515 1125 2558 a
1143 2508 1168 2550 ιι

104 2580 254 2646 fraternis
269 2581 455 2647 occursibus
468 2583 541 2648 lene
553 2583 788 2668 remissumque
800 2584 912 2648 lumen
920 2586 1125 2648 mutuantem

194 2772 303 2827 ‘lmuti
319 2775 438 2845 Modcip
455 2775 539 2829 multi
552 2776 581 2831 A
597 2775 608 2847 ΙΙ
626 2777 642 2832 l
660 2777 719 2831 sint
731 2777 763 2831 F
777 2775 816 2830 sit
828 2776 857 2831 A
873 2775 891 2858 ΙΙ
901 2775 920 2830 8
937 2774 1061 2847 prqstari
1073 2775 1102 2830 A
1115 2775 1127 2847 ΙΙ

104 2842 171 2899 ain
189 2842 283 2914 iguem
298 2857 315 2899 ς
332 2846 430 2916 inigne
445 2847 474 2901 A
499 2847 502 2915 Ι
527 2848 700 2916 inposituros
719 2848 802 2903 Gertz
820 2847 973 2916 (positurus
987 2847 1099 2902 Eraria.
1104 2845 1125 2915 ¹)

104 2915 264 2985 inpositura
276 2918 341 2972 AF
357 2919 417 2987 (cfr.
432 2919 508 2974 Roob
521 2920 575 2974 oba.
589 2936 676 2989 pram.
688 2920 766 2974 Diss.
778 2920 909 2989 Fbibarp
924 2922 996 2973 1895
1009 2935 1041 3002 p.
1054 2919 1102 2987 29)
1115 2917 1127 2989 tl

104 2987 265 3043 litannis
280 3006 305 3043 o.
319 2989 384 3044 add.
403 2989 674 3063 A’tthAdrolp.
689 2991 754 3045 add.
768 2990 951 3046 antehano
942 3005 1125 3059 rmagm,em

104 3065 169 3115 ante
186 3059 275 3114 totius
293 3059 369 3115 ritae
386 3060 518 3132 aaussll
535 3060 571 3116 lo
584 3060 665 3116 refer
681 3077 719 3115 au
734 3061 816 3117 Getta
833 3061 958 3116 refertan
970 3061 999 3116 A
1016 3060 1021 3133 Ι
942 3005 1081 3114 19
1094 3075 1126 3114 es

105 3131 137 3186 F
159 3132 203 3185 est
222 3132 251 3186 A
274 3130 286 3203 ΙΙ
311 3130 348 3186 Et)
370 3131 501 3186 devincta
525 3132 607 3188 Gertz
629 3139 655 3188 rt
677 3134 796 3204 Modiip
819 3133 830 3205 ΙΙ
855 3133 891 3187 sl
914 3132 1019 3188 uolucri
1097 3133 1130 3186 F

104 3202 247 3257 calcatam
269 3203 298 3257 A
323 3202 378 3274 ΙΙ
360 3202 397 3257 ⁰2
421 3204 539 3269 micare
562 3203 671 3258 ridebis
691 3205 811 3260 Larisob
834 3204 933 3288 uidere
955 3201 1076 3258 micabis
1096 3204 1126 3258 A

104 3273 202 3328 uidere
224 3272 372 3329 miraberis
392 3275 424 3329 F
442 3274 534 3329 sidera
556 3275 704 3330 miraberis
726 3293 783 3331 uno
806 3293 831 3331 o.
847 3276 866 3329 i.
886 3277 989 3345 Haupt
1009 3275 1125 3340 micare,

104 3361 205 3471 itti
216 3345 673 3515 daiptbeaffiidiffl
689 3345 1125 3488 dquffa'ffatntiess

99 3487 163 3539 alia
179 3488 598 3560 m¹·2saaqua1iucquidem
618 3490 701 3548 Getta
720 3489 905 3559 equalinsque
918 3490 947 3545 A
966 3488 1127 3558 aequaliter

82 3554 124 3604 F
132 3557 202 3627 early.
224 3536 346 3631 bequati
364 3578 419 3621 axe
438 3563 602 3638 Petscbeaip
