2400 3840
191 201 242 256 AD
261 201 476 257 GALLIONEM
493 202 543 257 DE
561 202 650 257 VITA
668 203 792 257 BEATA
810 202 887 258 cAP.
901 208 936 258 28
1007 207 1071 271 231

55 346 127 400 hirae
150 347 222 400 euiru
244 345 346 400 librum
366 347 438 400 iuter
455 346 579 415 diuioqos
596 345 630 400 de
647 346 706 400 uita
724 347 803 400 beata
821 353 846 401 et
864 347 897 401 de
915 347 1073 415 trauquiiii-

54 423 110 471 tate
132 417 221 471 uuimi
242 418 308 472 oiim
331 418 450 471 extitisse
467 417 509 471 uel
528 433 562 470 eu
579 417 671 471 iuatiee
689 417 821 472 librarum
838 418 926 472 codici
944 420 971 473 A
991 435 1072 486 prue-

54 490 110 556 fiuo
135 494 258 557 apparet.
295 489 410 554 scilieet,
435 494 468 543 ut
489 488 603 542 Fickert
624 489 780 557 suspicatus
802 495 852 555 est,
875 491 906 543 iu
927 505 956 544 eo
975 490 1072 555 codiee,

54 576 89 613 eu
106 576 159 628 quo
177 559 205 614 A
224 559 376 627 descriptus
396 565 447 626 eet,
465 576 539 614 uuus
556 559 687 626 foliorum
705 561 847 627 quaternio
865 566 916 615 aut
933 561 987 614 duo
1006 578 1072 629 quu-

53 631 188 686 teruiouie
213 630 285 697 folia
311 632 422 684 iuteruu
447 636 473 685 et
496 631 569 685 iuter
592 647 620 684 se
645 631 816 685 cohaereatiu
842 632 1014 698 exciderant,
1041 632 1073 686 iu

53 703 152 770 quibus
177 702 243 755 iibri
270 702 303 756 de
324 703 376 784 uit.
399 702 422 755 b.
441 718 514 785 pura
539 702 799 786 extrema-etiterui
823 703 856 757 de
881 705 935 757 otio
960 703 1073 757 iuitium

180 778 412 898 iuuat
429 773 1073 913 erratu,tutatuta

56 914 165 969 Gertrio
184 915 301 969 atterum
318 915 417 982 fotium
435 915 501 969 iibri
519 915 585 970 VII.
614 921 762 970 eutreruaru
775 918 948 985 primamque
966 916 984 969 t.
998 916 1076 970 VIII

49 992 158 1054 partem
180 987 346 1040 eoutiuuisse
364 993 505 1055 putemus,
524 988 640 1041 aiterum
657 1003 719 1041 uero
737 1004 798 1042 euru
817 1003 846 1041 eo
864 987 1009 1041 cohaereas
1027 1003 1072 1041 eu-

53 1064 166 1111 tremam
191 1058 256 1112 libri
279 1059 357 1112 VIII
373 1064 490 1126 partem.
528 1064 643 1113 ceterum
665 1076 722 1113 ueu
744 1060 786 1113 ita
808 1059 896 1113 multa
916 1075 935 1112 u
952 1058 1019 1111 diui.
1039 1057 1072 1111 de

53 1129 108 1182 otio
136 1129 225 1183 abesse
252 1129 368 1198 lipsius
394 1131 437 1184 uei
461 1129 526 1183 iude
551 1130 668 1199 eoiteyit,
696 1130 769 1199 quod
793 1131 948 1199 arquueeuti
973 1129 1072 1184 divisio

53 1201 160 1270 interra
178 1201 274 1255 retieta
293 1208 339 1255 est.
