2400 3840
298 208 348 264 AD
368 207 545 263 SERENVM
562 207 611 262 DE
631 207 715 264 OTIO
735 207 812 265 cAP.
830 214 855 264 6.
871 214 887 262 'l
1036 212 1101 277 239

82 377 149 419 non
172 358 220 421 est
242 377 346 438 mora,
375 355 402 420 si
424 377 491 420 non
513 358 603 419 actor
626 353 726 438 deest,
755 355 810 419 sed
833 353 956 440 agenda
978 353 1102 439 desunt,

83 444 197 528 ecquid
219 444 269 509 illi
292 466 399 510 secum
419 465 487 510 esse
505 443 694 527 permittes?
731 465 794 527 quo
814 446 920 508 animo
940 445 981 509 ad
999 446 1137 510 otium4

83 535 209 618 sapiens
237 533 378 600 secedit?
422 537 459 597 ut
482 534 563 598 sciat
585 555 619 598 sc
641 535 712 597 tum
735 553 863 616 quoqne
886 556 924 598 ea
946 536 1101 617 acturum,

81 645 140 706 per
163 644 244 705 quae
266 624 403 706 posteris
427 623 538 706 prosit.
574 643 634 687 nos
658 624 742 687 certe
762 645 870 688 sumus
891 623 946 706 qui
965 623 1101 688 dicimus

48 715 114 776 ret
142 711 305 777 Zenonem
337 716 369 776 et
399 709 616 796 Chrysippum
646 709 768 775 maiora
797 711 913 796 egisse,
946 732 1043 795 quam
1074 712 1102 777 si

82 801 248 866 duxissent
271 801 442 884 exercitus,
464 802 639 887 gessissent
656 799 808 883 honores,
831 801 919 886 leges
937 801 1101 867 tulissentr

82 911 161 973 quas
184 911 252 953 non
271 889 328 953 uni
347 888 488 973 civitati,
506 889 561 955 sed
579 889 641 953 toti
660 889 801 954 humano
821 890 930 974 generi
947 891 1099 955 tulerunt.

82 978 160 1062 quid
190 983 239 1043 est
271 1000 362 1065 ergo,
391 999 488 1062 quare
518 980 582 1043 tale
610 978 713 1043 otium
739 1000 806 1042 non
834 978 1003 1043 conveniat
1029 980 1100 1043 viro

80 1067 182 1150 bono,
204 1089 262 1152 per
284 1068 371 1150 quod
389 1068 498 1132 futura
517 1069 644 1134 saecula
662 1068 788 1132 ordinet
806 1089 865 1134 nec
883 1071 963 1152 aput
980 1088 1100 1151 paucos

35 1177 62 1218 ιο
81 1157 297 1240 contionatur,
320 1158 376 1222 sed
399 1161 478 1241 aput
496 1156 600 1221 omnis
620 1157 764 1222 omnium
783 1158 927 1244 gentium
945 1156 1101 1240 homines,

81 1246 200 1330 quique
228 1251 304 1311 sunt
332 1247 452 1330 quique
479 1245 594 1310 erunt?
644 1246 684 1309 ad
712 1268 870 1312 summam
899 1267 1031 1330 quaero,
1059 1261 1136 1310 ano

81 1358 121 1400 ex
143 1336 321 1420 praesepiis
345 1336 411 1401 suis
434 1335 574 1400 vixerint
597 1333 766 1400 Cleanthes
790 1340 822 1400 et
845 1334 1044 1420 Chrysippus
1068 1338 1101 1400 et

79 1424 197 1490 Zenon.
238 1446 302 1490 aon
325 1424 421 1489 dubie
443 1425 651 1508 respondebis
675 1425 721 1490 sic
739 1426 813 1491 illos
836 1425 968 1508 vixisse,
992 1446 1100 1508 quem-

81 1513 254 1578 admodum
286 1514 432 1577 dixerant
463 1535 532 1578 esse
563 1513 749 1578 vivendum:
790 1514 880 1598 atqui
906 1535 1002 1578 nemo
1030 1516 1101 1579 illo·

35 1621 62 1661 16
79 1624 152 1666 rum
184 1624 252 1666 rem
284 1601 447 1685 publicam
480 1601 722 1666 administravit.
777 1602 857 1667 ‘non
885 1601 964 1667 fuit'
993 1603 1100 1688 inquis

81 1690 162 1754 ‘illis
191 1693 247 1754 aut
269 1712 307 1754 ea
329 1689 459 1754 fortuma
482 1693 538 1754 aut
561 1712 598 1754 ea
621 1690 774 1775 dignitas,
805 1713 886 1774 quae
909 1691 1037 1756 admitti
1060 1693 1100 1756 ad

80 1779 283 1862 publicarum
306 1801 414 1842 rerum
435 1779 659 1843 tractationem
683 1778 785 1843 solet?
822 1779 979 1844 sedidem
996 1781 1100 1845 nihilo

81 1867 187 1931 minus
216 1889 283 1932 non
313 1889 444 1952 segnem
476 1889 568 1954 egere
599 1868 713 1931 vitam:
749 1868 955 1951 invenenmt,
992 1889 1101 1952 quem·

81 1956 254 2021 admodum
271 1957 345 2040 plns
361 1958 451 2040 quies
465 1957 610 2040 ipsorum
623 1957 808 2022 hominibus
822 1957 989 2041 prodesset
1004 1979 1100 2041 quam

35 2066 62 2106 ro
81 2045 218 2111 aliorum
251 2044 414 2112 discursus
448 2049 481 2111 et
515 2045 620 2112 sudor.
676 2067 752 2131 ergo
787 2045 890 2111 nihilo
925 2046 1032 2112 minus
1063 2047 1099 2110 hi

81 2136 219 2200 multum
238 2134 341 2222 egisse
359 2135 421 2199 visi
440 2137 528 2218 sunt,
547 2135 693 2218 quamvis
711 2135 795 2200 nihil
811 2135 940 2219 publice
959 2139 1098 2222 agerent.

170 2240 241 2307 VH.
278 2241 446 2307 Praeterea
467 2242 531 2307 tria
553 2264 670 2329 genera
693 2244 768 2306 sunt
790 2242 889 2324 vitae,
911 2243 996 2308 inter
1018 2264 1098 2327 quae
1121 2256 1135 2304 1

82 2332 167 2414 qnod
191 2333 233 2397 sit
256 2333 415 2416 optimum
440 2331 550 2416 quaeri
572 2333 670 2397 solet:
691 2353 792 2395 unum
814 2332 974 2416 voluptati
997 2336 1099 2416 vacat,

81 2421 216 2485 alterum
244 2420 521 2506 contemplationi,
551 2422 683 2486 tertium
706 2419 839 2486 actioni.
883 2422 1025 2506 primum
1048 2423 1100 2487 de

35 2528 61 2568 a
80 2509 188 2592 posita
214 2512 418 2575 contentione
446 2511 656 2595 depositoque
680 2510 768 2594 odio,
798 2511 885 2596 quod
906 2510 1099 2595 inplacabile

81 2597 207 2662 diversa
229 2600 435 2682 sequentibus
458 2600 648 2683 indiximus,
670 2599 849 2683 videamus,
870 2603 908 2664 ut
930 2599 1010 2665 haec
1033 2622 1100 2666 om-

80 2687 136 2751 nia
158 2686 198 2751 ad
220 2687 305 2752 idem
329 2688 388 2752 snb
412 2689 476 2754 alio
500 2693 596 2772 atque
619 2689 682 2753 alio
700 2689 796 2754 titulo
815 2690 1017 2773 perveniant:
1039 2710 1099 2754 nec

80 2776 149 2861 ille,
180 2777 236 2860 qui
265 2778 465 2862 voluptatem
492 2778 621 2862 probat,
651 2778 719 2843 sine
747 2779 1018 2862 contemplatione
1042 2781 1099 2862 est,

80 2885 140 2932 nec
159 2866 229 2950 ille,
248 2866 304 2950 qui
322 2867 588 2950 contemplationi
605 2867 750 2950 inservit,
770 2866 838 2932 sine
855 2870 1022 2952 voluptate
1041 2871 1098 2950 est,

35 2975 61 3014 ro
80 2977 140 3021 nec
161 2955 230 3037 ille,
260 2955 351 3021 cuius
374 2957 442 3020 vita
464 2956 644 3021 actionibus
668 2955 826 3021 destinata
848 2959 909 3040 est,
933 2958 1001 3022 sine
1025 2977 1098 3021 con·

80 3045 288 3130 templatione
320 3048 376 3110 est.
427 3043 634 3129 ‘plurimum'
665 3045 773 3129 inquis
802 3045 1009 3111 ‘discriminis
1042 3048 1133 3128 est,2

169 3220 187 3274 9
204 3219 299 3292 futura
318 3221 347 3275 A
367 3218 378 3292 11
396 3219 431 3274 11
453 3221 537 3276 verba
560 3220 664 3289 quique
688 3221 754 3274 sunt
775 3221 808 3274 ia
824 3236 910 3290 marp.
930 3220 994 3274 add.
1014 3218 1056 3275 A²
1073 3225 1100 3274 ct

77 3297 140 3358 post
166 3292 294 3345 homines
320 3293 468 3348 insermda
492 3308 547 3347 ease
570 3292 693 3362 signavit
719 3290 768 3359 qui
796 3293 861 3345 sunt
888 3293 957 3345 coni.
982 3292 1064 3346 Hans
1095 3290 1100 3364 1

81 3361 116 3415 la
138 3378 195 3416 non
218 3362 287 3432 colo.
309 3363 383 3430 add,
407 3364 532 3418 deestis
551 3364 580 3418 A
602 3362 612 3435 11
638 3362 674 3416 16
698 3378 733 3416 ea
759 3361 897 3432 dignitas,
923 3377 996 3430 quae
1020 3363 1081 3417 Koc

81 3447 116 3486 ea
140 3431 266 3502 dignitas
291 3450 358 3503 eaq;
381 3434 424 3490 A¹
447 3450 513 3504 eaq3
538 3435 570 3488 ia
595 3449 703 3503 eaquae
728 3449 795 3488 corr.
817 3432 860 3487 A’
881 3432 893 3505 11
916 3433 951 3487 lc
973 3433 1108 3500 iusum

86 3503 129 3558 W.
145 3502 249 3558 Geniali
266 3503 381 3558 illorum
394 3507 423 3561 A
440 3504 444 3577 1
467 3506 504 3559 211
521 3506 554 3559 ut
570 3505 651 3560 Gertz
668 3504 703 3559 in
717 3506 747 3560 A
762 3520 806 3558 an
820 3502 984 3573 661111ὶῆ
996 3497 1128 3550 aetiam-

80 3573 134 3627 bus
147 3576 174 3628 A
193 3574 299 3629 actioni
318 3577 416 3632 Marct
446 3583 585 3635 ostreata
