2400 3840
98 215 163 281 322
292 210 323 266 L.
338 211 480 265 ANNAEI
498 210 662 266 SENECAE
680 210 776 265 DIAL.
791 210 859 267 LIB.
872 208 920 266 XI.

99 362 160 441 est,
190 379 264 423 cum
291 357 332 422 ad
358 357 533 421 utilitatem
560 356 705 441 respicit,
734 380 753 421 a
780 356 899 441 pietate
929 356 1125 442 desciscere;

98 447 181 511 nihil
204 450 311 510 autem
333 447 440 511 minus
463 447 549 512 bono
572 447 643 510 viro
666 446 816 511 convenit
839 468 936 530 quam
958 446 994 510 in
1010 445 1124 512 fratris

63 554 79 601 2
98 538 190 601 luctu
213 535 353 601 calculos
376 556 503 620 ponere.
551 534 579 601 si
601 536 689 600 illius
711 535 843 616 nomine
861 535 969 618 doleo,
990 556 1125 601 necesse

100 628 148 689 est
180 625 370 689 alterutrum
400 646 440 689 ex
468 625 519 689 his
549 624 674 689 duobus
704 646 773 691 esse
803 624 954 690 iudicem:
986 646 1064 689 narn
1095 625 1126 689 si

99 714 209 779 nullus
237 714 397 779 defunctis
425 735 536 780 sensus
565 716 724 798 superest,
756 713 858 778 evasit
885 713 995 778 omnia
1020 713 1127 778 frater
1159 734 1171 774 e

100 825 189 869 meus
212 804 297 868 vitae
320 803 524 868 incommoda
547 803 636 867 etin
658 824 732 866 eum
749 801 917 868 restitutus
936 804 985 867 est
1002 803 1126 887 locum,

100 893 135 957 in
163 913 226 975 quo
254 892 360 957 fuerat
387 895 560 976 numquam
586 895 783 975 nasceretur,
813 894 845 956 et
872 913 986 976 expers
1014 913 1126 957 omma

100 982 179 1046 maii
205 981 289 1046 nihil
315 982 423 1064 timet,
448 980 532 1045 nihil
559 981 661 1064 cupit,
689 980 772 1045 nihil
798 981 935 1065 patitur:
963 981 1036 1064 quis
1060 981 1124 1047 iste

100 1071 191 1135 furor
221 1074 269 1135 est
298 1092 357 1155 pro
388 1091 426 1134 eo
456 1091 508 1134 me
536 1092 714 1154 numquam
742 1070 851 1135 dolere
878 1068 1035 1153 desinere,
1067 1070 1127 1154 qui

65 1175 277 1243 enumquam
296 1160 453 1224 doliturus
473 1157 543 1224 est?
579 1159 607 1224 si
625 1162 674 1224 est
692 1158 808 1242 aliquis
827 1159 985 1224 defunctis
1000 1179 1128 1243 sensus,
1147 1180 1171 1220 ro

100 1271 187 1313 nunc
224 1248 350 1312 animus
386 1247 494 1313 fratris
532 1247 595 1312 mei
631 1249 722 1313 velut
757 1270 797 1312 ex
833 1247 958 1313 diutino
996 1269 1127 1314 carcere

101 1339 251 1420 emissus,
277 1337 407 1400 tandem
435 1336 485 1400 sui
513 1337 591 1401 iuris
620 1341 653 1402 et
675 1336 812 1422 arbitrii,
840 1337 938 1423 gestit
960 1339 993 1402 et
1014 1359 1128 1403 rerum

100 1430 233 1491 naturae
262 1425 445 1508 spectaculo
473 1424 593 1490 fruitur
618 1429 651 1490 et
677 1427 818 1490 humana
846 1426 956 1490 omnia
982 1448 1023 1491 ex
1048 1427 1127 1492 loco

101 1514 265 1598 superiore
289 1514 438 1598 despicit,
465 1514 686 1599 divinarem,
714 1536 852 1598 quorum
873 1516 1033 1580 rationem
1056 1519 1127 1580 tam

103 1604 159 1667 diu
185 1602 305 1669 frustra
333 1603 525 1687 quaesierat,
551 1604 686 1689 propius
715 1605 865 1668 intuetur.
912 1603 989 1687 quid
1012 1604 1127 1689 itaque
1146 1624 1171 1666 rs

102 1693 169 1757 eius
194 1692 349 1757 desiderio
373 1712 530 1776 maceror,
553 1694 610 1777 qui
633 1697 688 1758 aut
710 1693 822 1758 beatus
846 1695 902 1757 aut
923 1693 1035 1758 nullus
1054 1693 1128 1758 est?

101 1783 232 1846 beatum
264 1781 379 1846 deflere
411 1782 533 1846 invidia
565 1786 626 1865 est,
658 1783 784 1847 nullum
813 1780 993 1847 dementia?
1040 1781 1126 1867 [28]

67 1886 145 1936 can
175 1871 238 1936 hoe
270 1875 302 1936 te
334 1875 457 1954 movet,
489 1871 576 1954 quod
608 1871 735 1936 videtur
766 1871 950 1957 ingentibus
982 1874 1015 1935 et
1048 1893 1126 1937 cum

103 1961 241 2025 maxime
269 1960 471 2025 circumfusis
499 1960 593 2025 bonis
622 1961 783 2025 caruisse?
828 1982 903 2026 cum
930 1960 1127 2046 cogitaveris

104 2050 206 2114 multa
229 2071 311 2131 esse,
335 2070 417 2132 quae
435 2048 589 2133 perdidit,
612 2050 719 2134 cogita
737 2050 831 2133 plura
850 2070 931 2132 esse,
955 2070 1038 2132 quae
1056 2071 1128 2115 non
1145 2071 1172 2112 so

102 2139 207 2202 timet:
229 2160 296 2203 non
314 2137 362 2202 ira
379 2160 453 2203 eum
471 2139 648 2222 torquebit,
665 2160 732 2203 non
750 2140 880 2204 morbus
900 2137 1037 2224 affliget,
1055 2160 1128 2204 non

106 2227 244 2310 suspicio
272 2229 420 2310 lacesset,
447 2249 514 2292 non
541 2228 622 2292 edax
649 2231 682 2293 et
708 2227 838 2292 inimica
861 2249 987 2312 semper
1008 2227 1126 2292 alienis

103 2317 305 2399 processibus
338 2315 459 2380 invidia
490 2316 740 2400 consectabitur,
771 2338 838 2381 non
869 2321 974 2382 metus
1004 2315 1126 2382 solliei-

103 2403 198 2487 tabit,
232 2426 300 2468 non
335 2405 448 2470 levitas
485 2406 633 2471 fortunae
670 2406 734 2471 cito
766 2427 899 2470 munera
931 2428 990 2471 sua
1018 2407 1127 2471 trans-

103 2493 234 2557 ferentis
264 2493 465 2576 inquietabit.
512 2494 540 2560 si
569 2495 649 2560 bene
680 2498 860 2579 computes,
893 2495 967 2579 plus
996 2494 1047 2558 illi
1075 2517 1126 2560 re·
1145 2518 1170 2560 rs

68 2600 84 2648 5
104 2582 238 2646 missum
266 2603 362 2665 quam
391 2586 537 2666 ereptum
560 2587 616 2648 est.
662 2606 729 2648 non
753 2584 869 2668 opibus
891 2583 1029 2668 fruetur,
1056 2606 1126 2649 non

102 2676 159 2736 tua
187 2670 283 2735 simul
310 2692 347 2736 ac
375 2694 432 2736 sua
459 2673 576 2758 gratim
603 2695 670 2738 non
697 2672 833 2756 accipiet
859 2672 1029 2756 beneficia,
1056 2695 1127 2739 non

103 2760 205 2825 dabit:
242 2760 394 2825 miserum
419 2765 528 2846 putas,
554 2762 641 2845 quod
671 2762 735 2827 ista
762 2761 882 2844 amisit,
914 2784 956 2826 an
982 2762 1127 2847 beatum,

104 2849 191 2933 quod
219 2871 286 2914 non
316 2849 495 2915 desiderat?
540 2851 621 2916 mihi
649 2851 754 2936 erede,
784 2851 811 2917 is
834 2851 958 2916 beatior
980 2854 1041 2934 est,
1070 2853 1128 2917 cui

101 2940 233 3004 fortuna
255 2961 453 3023 supervacua
476 2943 536 3023 est,
560 2962 657 3024 quem
679 2941 720 3024 is,
744 2940 797 3006 cui
819 2943 931 3024 parata
952 2943 1008 3005 est.
1020 2952 1041 3032 fl
1056 2961 1127 3006 om-
1146 2964 1172 3005 eo

102 3029 157 3093 nia
179 3028 242 3093 ista
263 3028 362 3113 bona,
391 3051 471 3112 quae
494 3050 554 3094 nos
578 3030 723 3112 speciosa
746 3029 801 3095 sed
823 3028 933 3094 fallaci
954 3029 1127 3114 voluptate

103 3118 276 3201 delectant,
298 3119 447 3203 pecunia,
466 3118 620 3204 dignitas,
637 3119 783 3202 potentia
801 3119 928 3201 aliaque
946 3119 1128 3204 complura,

192 3291 210 3345 4
232 3293 265 3346 de
287 3293 425 3362 maculari
447 3307 514 3344 nam
536 3293 738 3348 coniunctionis
759 3309 813 3348 usu
833 3292 914 3348 Gertz
937 3299 1000 3363 apte
1018 3295 1129 3362 confert

107 3365 228 3434 Thucyd.
253 3365 296 3418 VI
318 3368 364 3429 24,
382 3367 399 3418 3
433 3363 536 3419 Vahlen
566 3365 603 3417 ad
630 3365 745 3420 Aristot.
773 3366 871 3433 poetic.
900 3381 930 3433 p.
952 3368 1047 3420 mea
1072 3370 1129 3435 31;

98 3436 164 3505 ,cide
182 3441 207 3488 ct
225 3435 309 3488 Hecate
327 3436 422 3489 Herm.
442 3434 583 3490 XXXVI
604 3437 692 3505 (1901)
713 3453 743 3505 p.
760 3439 813 3490 313
833 3436 976 3490 XXXIX
993 3452 1024 3506 p.
1040 3441 1098 3493 476
1117 3439 1128 3510 Η

97 3505 138 3557 16
152 3520 283 3560 maceror
301 3506 325 3562 0
345 3521 472 3560 marceor
486 3507 514 3560 B
531 3505 542 3579 st
559 3505 594 3560 18
611 3507 727 3561 uidetur
745 3508 768 3562 0
785 3513 812 3562 et
828 3507 897 3577 colu.
915 3505 1081 3563 uidentibus
1096 3511 1128 3565 B

88 3575 206 3631 videtur
223 3576 280 3632 tibi
301 3578 387 3637 Gertz
403 3579 415 3656 Η
433 3578 470 3637 30
488 3581 595 3652 parata
616 3579 638 3637 0
655 3581 742 3650 parta
754 3580 908 3633 Pincianae
