2400 3840
113 190 180 256 260
308 186 339 243 L.
353 185 496 241 ANNAEI
514 185 678 242 SENECAE
697 185 791 240 DIAL.
806 182 935 240 mam.
966 226 969 233 .

114 331 200 419 fugit
221 352 281 396 nec
303 353 377 396 eum
394 331 557 415 reducere,
580 353 655 397 cum
673 333 920 415 monstraretur,
940 330 1029 396 tanti
1048 334 1145 416 puta-

114 423 171 487 vit.
224 420 332 505 ‘turpe
362 420 426 486 est'
460 421 567 506 inquit
593 419 727 485 ‘Manen
761 420 829 485 sine
860 418 1008 506 Diogene
1044 442 1145 506 posse

115 509 236 594 vivere,
262 509 432 596 Diogenen
454 510 522 576 sine
544 509 639 575 Mane
656 531 724 574 non
746 508 862 593 posse?
905 508 1038 574 videtur
1061 509 1145 575 mihi

116 598 248 665 dixisse:
291 598 367 685 ‘age
403 603 496 664 tuum
532 599 715 685 negotium,
751 597 894 681 fortuna,
929 596 1016 662 nihil
1056 599 1145 683 apud

116 688 285 774 Diogenen
310 689 376 754 iam
402 689 452 753 tui
478 691 539 754 est:
566 688 651 774 fugit
678 685 760 752 mihi
783 708 907 769 servus,
933 686 1036 752 immo
1061 688 1146 753 hber
1172 708 1183 748 s

80 794 97 844 8
117 777 202 843 abii?
245 777 369 843 familia
395 777 478 862 petit
502 776 688 843 vestiarium
710 777 909 861 victumque,
936 778 989 840 tot
1010 780 1144 842 ventras

118 866 377 932 avidissimorum
405 866 593 931 animalium
620 864 733 931 tuendi
760 869 848 946 sunt,
878 865 1013 930 emenda
1042 866 1144 932 vestis

116 960 149 1022 et
167 956 392 1022 custodiendae
406 956 631 1040 rapacissimae
646 976 759 1020 manus
774 957 807 1018 et
819 954 966 1018 flentium
981 954 1145 1021 detestan-

117 1045 263 1129 tiumquo
286 1044 472 1110 ministeriis
495 1045 665 1110 utendum:
693 1047 814 1127 quanto
837 1043 893 1107 ille
915 1041 1059 1128 felicior,
1089 1042 1146 1129 qui

82 1135 200 1200 anihil
228 1135 289 1199 ulli
318 1134 425 1217 debet,
457 1134 521 1198 nisi
551 1134 604 1199 cui
631 1133 785 1198 facillime
815 1135 927 1217 negat,
956 1130 1037 1197 sibil
1088 1133 1146 1201 sed
1162 1154 1185 1194 re

118 1224 271 1309 quoniam
304 1245 371 1287 non
405 1225 454 1287 est
486 1222 581 1287 nobis
610 1225 737 1286 tanturn
767 1221 907 1306 roboris,
937 1222 1146 1307 angustanda

118 1316 203 1379 certe
233 1314 310 1377 sunt
332 1310 539 1394 patrimonia,
571 1314 608 1374 ut
640 1311 747 1377 minus
771 1310 812 1375 ad
834 1309 967 1375 iniurias
991 1309 1146 1377 fortunae

119 1402 219 1466 simus
250 1399 397 1483 expositi.
448 1398 609 1464 habiliora
639 1403 714 1465 sunt
743 1421 878 1483 corpora
906 1398 1054 1465 inbelle
1079 1401 1147 1485 illa,

119 1510 200 1572 quae
223 1488 258 1551 in
280 1510 369 1552 arma
391 1508 449 1552 sua
471 1488 619 1552 contrahi
640 1493 791 1572 possunt,
814 1510 912 1573 quam
930 1509 1014 1573 quae
1032 1509 1147 1575 super·

117 1577 299 1642 funduntur
320 1580 352 1642 et
374 1577 516 1661 undique
538 1578 728 1663 magnitudo
748 1600 806 1643 sua
823 1576 1008 1643 volneribus
1027 1577 1147 1646 obicit:
1164 1597 1187 1638 a

118 1665 443 1840 Sllffle’tsstd
459 1666 845 1840 amssilssessitqddit
859 1666 895 1731 ³¹¹
916 1670 1147 1750 ‘mmm

208 1805 216 1838 ,
847 1807 853 1818 .

85 1874 99 1923 1
208 1861 263 1929 IX.
300 1862 445 1929 Placebit
468 1866 575 1927 autem
597 1863 677 1928 haec
698 1861 793 1927 nobis
817 1884 979 1945 mensura,
1003 1861 1032 1927 si
1054 1863 1147 1949 prius

119 1952 315 2037 parsimonia
333 1952 502 2037 placuerit,
521 1953 590 2017 sine
610 1973 674 2035 qua
691 1972 752 2016 noc
769 1951 855 2015 ullae
874 1971 951 2034 opes
965 1950 1150 2037 sufficiunt,

118 2064 178 2107 nec
200 2043 285 2106 ullae
303 2041 328 2126 †
345 2063 412 2106 non
435 2042 512 2107 satis
535 2044 661 2125 patent,
683 2040 870 2124 praesertim
888 2061 963 2105 cum
980 2040 1018 2105 in
1034 2041 1147 2109 vicino
1166 2062 1189 2103 ao

119 2131 295 2195 remedium
326 2130 369 2195 sit
398 2133 430 2194 et
459 2132 563 2214 possit
592 2130 663 2214 ipsa
692 2133 864 2213 paupertas
893 2128 928 2192 in
956 2128 1091 2196 divitias
1115 2154 1149 2198 se

84 2219 276 2284 aadvocata
302 2219 488 2305 frugalitate
517 2222 709 2284 convertere.
756 2218 981 2284 adsuescamus
1005 2240 1026 2282 a
1048 2220 1150 2286 nobis

121 2329 284 2372 removere
315 2329 483 2391 pompam,
520 2311 553 2372 et
586 2327 664 2372 usus
694 2329 814 2392 rerum,
847 2328 915 2372 non
944 2314 1149 2394 ornamenta

121 2395 236 2461 metiri.
283 2395 373 2462 cibus
400 2397 519 2461 famem
549 2397 670 2480 domet,
698 2397 789 2480 potio
818 2395 920 2480 sitim,
947 2395 1051 2462 libido
1084 2421 1150 2484 qua

121 2505 249 2549 necesse
286 2488 335 2550 est
371 2485 464 2569 fluat,
501 2484 661 2551 discamus
698 2485 849 2551 membris
884 2485 1006 2550 nostris
1039 2487 1150 2573 inniti,
1166 2505 1191 2548 a

121 2574 244 2638 cultum
271 2573 456 2657 victumque
485 2596 553 2639 non
582 2574 623 2639 ad
653 2596 739 2639 nova
766 2575 913 2658 exempla
940 2595 1150 2661 componere,

212 2765 347 2834 Einquid
370 2767 487 2821 mathen
510 2774 536 2822 et
559 2767 656 2821 matha
674 2767 794 2823 A'corr.
812 2768 881 2838 vole.
906 2765 917 2839 ΗΗ
941 2767 959 2821 b
982 2767 1056 2823 mihi
1076 2771 1149 2841 vole.

122 2838 163 2892 mi
180 2836 223 2893 A¹
244 2854 331 2906 supro
353 2839 426 2906 quod
446 2840 559 2907 scripsit
577 2837 631 2895 A':
652 2857 676 2913 p
699 2839 770 2892 mihi
791 2839 794 2911 Η
815 2855 923 2906 servus,
941 2840 1042 2907 interp.
1062 2841 1151 2897 Gertz

123 2915 236 2965 servus?
261 2909 329 2979 cole.
356 2909 359 2981 Η
387 2907 460 2964 liber
483 2909 542 2964 abii
565 2912 617 2979 (uel
640 2926 692 2979 ego
710 2909 783 2964 liber
801 2908 871 2978 abii)
893 2927 918 2965 e.
934 2910 961 2964 d.
975 2910 1053 2966 Vliet
1074 2911 1151 2968 liber

124 2980 185 3035 abit
199 2982 227 3036 A
246 2980 319 3052 (abit
335 2982 368 3034 e'rr
384 2997 440 3036 rac.
454 2981 505 3051 14⁵)
528 2981 539 3055 ΗΗ
560 2981 579 3035 6
596 2983 736 3037 ιιθεῢίανὶᾱ
750 2980 792 3036 A⁶
811 2980 814 3053 Η
844 2980 880 3035 10
898 2981 945 3035 cui
959 2982 1059 3037 Murct
1077 2983 1151 3052 quid

123 3055 152 3108 A
174 3052 198 3177 Η
209 3052 245 3106 12
267 3053 300 3105 ut
317 3052 360 3106 Αὕ
378 3053 429 3105 aut
442 3051 485 3107 A¹
506 3052 516 3124 ΗΗ
540 3051 577 3106 lc
594 3053 625 3106 in
643 3052 717 3107 bello
736 3051 787 3105 illa
827 3052 942 3108 ebultcso
964 3050 1103 3109 inbecillo
1122 3056 1151 3110 A

124 3126 155 3179 in
200 3124 254 3179 ello
275 3136 293 3177 ς
317 3123 347 3177 in
372 3122 449 3178 bella
469 3124 626 3178 Pincianus
649 3122 701 3177 illa
724 3122 798 3178 bello
822 3124 904 3179 Gertz
925 3123 936 3196 ΗΗ
960 3122 996 3177 15
1019 3123 1152 3181 obicias

125 3195 230 3251 obiecit
247 3196 276 3249 A
297 3194 308 3268 ΗΗ
332 3194 368 3249 20
385 3211 437 3250 nec
455 3194 513 3248 ulle
531 3212 588 3249 non
606 3195 675 3248 satis
694 3196 795 3263 patent
813 3197 841 3251 A
862 3201 1002 3264 corrsepte,
1020 3200 1152 3266 mmsis

125 3268 229 3322 Mcdoi
252 3269 291 3321 'ce
308 3267 445 3335 defendat.
475 3282 533 3320 oon
550 3268 638 3336 magis
651 3268 739 3335 probo
758 3268 830 3336 quod
849 3266 977 3322 Hessius
999 3267 1064 3336 (nec
1084 3285 1152 3323 cum

125 3338 176 3392 illa
237 3353 271 3392 ae
288 3355 316 3392 n.
327 3356 348 3392 s.
358 3341 398 3408 p.)
417 3354 529 3406 cumque
546 3344 653 3392 secutas
668 3338 750 3394 Gertz
768 3339 838 3393 coci.
869 3339 931 3408 (nec
945 3354 1009 3392 cum
1023 3338 1077 3393 illa
1092 3358 1153 3396 non

126 3426 147 3463 s.
168 3411 207 3478 p.)
237 3426 289 3464 nec
318 3409 394 3463 ullae
424 3410 523 3464 domus
552 3409 620 3463 satis
647 3411 748 3477 patent
775 3408 924 3477 Schultess,
952 3409 1027 3478 qaod
1052 3427 1153 3469 emm

124 3481 262 3547 haberem,
289 3482 314 3534 si
338 3482 369 3535 ier
395 3483 433 3536 eie
457 3498 526 3550 qaae
556 3481 719 3536 craecedwnt
748 3482 880 3550 scriptum
909 3487 989 3536 meet:
1015 3481 1043 3535 si
1068 3483 1153 3552 prius

116 3550 274 3621 dugalitas
293 3554 348 3625 (cel
365 3553 519 3629 modestia)
537 3551 682 3626 placuerit
