2400 3840
341 652 381 724 E.
409 650 600 724 ANNAEI
629 648 847 722 EEquEE

147 826 639 928 DIALOGORVM
665 826 886 924 LIBER
912 826 1066 930 VIH.

495 1000 700 1053 moranum

516 1125 565 1178 DE
586 1124 679 1178 ΟΤΙΟ.

55 1417 69 1464 1
177 1394 201 1460 Ι.
239 1393 321 1480 [Ea]
345 1390 505 1434 ******
524 1393 581 1477 eit,
603 1393 698 1458 nobis
717 1415 835 1480 magno
855 1414 1016 1458 consensu
1036 1397 1119 1462 vitia

90 1485 321 1550 commendant.
357 1483 434 1548 lioet
450 1482 534 1546 nihil
551 1483 652 1566 aliud,
677 1484 762 1566 quod
781 1482 824 1548 sit
837 1483 990 1566 salutare,
1010 1488 1118 1571 temp·

89 1578 206 1658 ternus,
230 1572 373 1658 proderit
395 1576 504 1636 tamen
522 1595 580 1656 per
597 1594 631 1638 se
650 1571 757 1656 ipsum
776 1572 936 1638 secedere:
960 1575 1116 1640 meliores

90 1664 208 1728 erimus
231 1662 360 1748 singuli.
403 1662 492 1746 quid,
517 1662 603 1744 quod
627 1662 771 1726 secedere
795 1661 835 1726 ad
858 1661 999 1745 optimos
1025 1665 1116 1729 viros

91 1757 123 1818 et
141 1753 273 1837 aliquod
291 1753 473 1836 exemplum
493 1751 623 1837 eligere,
642 1751 682 1815 ad
702 1751 788 1834 quod
804 1750 904 1815 vitam
918 1751 1116 1837 derigamus,
1144 1772 1155 1814 a

89 1842 187 1908 lieet?
225 1842 310 1926 quod
333 1842 398 1906 nisi
420 1842 455 1906 in
482 1840 548 1905 otio
571 1862 638 1905 non
659 1841 705 1904 fit.
738 1843 816 1904 tuno
838 1843 946 1924 potest
970 1842 1115 1924 optineri

91 1933 177 2017 quod
201 1932 299 1998 semel
322 1931 457 2014 placuit,
480 1930 536 1995 nbi
558 1951 653 1994 nemo
672 1929 856 2012 intervenit,
881 1929 937 2012 qui
954 1928 1115 1996 iudioiurn

90 2021 195 2086 adhue
231 2021 418 2086 inbecillum
454 2019 576 2103 populo
613 2017 757 2082 adiutore
794 2017 996 2103 detorqueat,
1034 2023 1115 2086 tuno

90 2113 198 2194 potest
231 2110 299 2173 vita
330 2108 456 2190 aequali
488 2111 520 2172 et
550 2129 615 2170 uno
647 2111 758 2172 tenore
790 2106 975 2190 procedere,
1013 2129 1115 2192 qnam

56 2198 265 2283 apropositie
296 2195 521 2261 diversissimis
552 2195 734 2261 scindimus.
787 2219 863 2260 narn
892 2196 977 2260 inter
1005 2201 1115 2263 cetera
1133 2217 1156 2258 ιο

91 2288 176 2350 mala
207 2285 288 2349 illud
320 2285 495 2368 pessimum
527 2287 588 2367 eet,
622 2284 707 2367 quod
739 2283 818 2349 vitia
845 2286 915 2369 ipsa
937 2289 1113 2352 mutamus.

92 2376 138 2441 sio
159 2396 200 2439 ne
223 2375 286 2438 hoo
309 2373 438 2456 quidem
460 2373 554 2438 nobis
579 2373 738 2458 contingit
761 2395 945 2456 permanere
968 2373 1004 2439 in
1023 2377 1113 2441 malo

91 2466 156 2528 iam
182 2463 342 2528 familiari.
388 2463 475 2527 aliud
503 2484 543 2526 ex
570 2463 633 2526 alio
656 2462 762 2544 plaoet
784 2467 941 2546 vexatque
963 2484 1024 2528 nos
1049 2465 1115 2530 hoe

93 2574 232 2637 quoque,
264 2552 350 2635 quod
379 2551 498 2616 iudicia
525 2555 636 2616 nostra
662 2573 729 2615 non
758 2555 884 2616 tantum
911 2574 1023 2636 prava,
1055 2555 1114 2619 sed

92 2642 188 2707 etiam
217 2641 302 2706 levia
332 2646 421 2706 eunt:
453 2640 828 2728 fluctuamurnaliudque
861 2663 900 2706 ex
931 2640 994 2705 alio
1024 2662 1158 2706 eom-15

181 2818 197 2872 1
216 2818 269 2890 (cir
286 2818 345 2888 out)
367 2816 407 2871 cit
424 2815 467 2871 A¹
488 2816 592 2870 ataid.
612 2814 679 2869 oiroi
698 2815 740 2870 A⁶
760 2828 841 2869 oure
864 2815 875 2940 U
898 2816 916 2868 6
935 2814 1061 2883 (nisi)
1082 2818 1114 2871 in

92 2890 150 2944 otio
168 2906 226 2944 non
242 2889 351 2945 Gronov
369 2887 458 2942 inotio
477 2904 534 2941 non
547 2888 576 2942 A
595 2887 655 2942 sine
673 2887 731 2940 otio
749 2904 806 2942 non
824 2891 864 2955 (oe
893 2887 923 2940 in
939 2888 997 2941 otio
1014 2887 1113 2958 modo)

95 2962 191 3029 Germ
215 2962 375 3016 renuntiant
401 2958 476 3027 quod
495 3000 501 3014 .
518 3000 523 3012 .
540 3000 546 3012 .
565 2974 622 3012 non
644 2959 677 3012 fit
699 2960 880 3028 appositionis
903 2960 960 3014 loco
980 2959 1020 3013 eis
1040 2975 1115 3026 quae

92 3040 242 3103 sequautur·
260 3033 348 3086 adina
372 3032 389 3085 ‘t
406 3031 478 3085 idem
498 3031 501 3100 Ι
523 3028 645 3084 obtineri
658 3030 777 3100 Madoip
796 3030 923 3098 optinere
936 3031 965 3085 A
982 3028 992 3102 Ι]
1014 3029 1050 3083 12
1070 3031 1114 3086 sio

92 3121 127 3159 ne
145 3106 213 3175 vulp.
233 3104 293 3158 eine
306 3103 335 3157 A
348 3049 420 3175 prm
437 3101 492 3154 hae
511 3117 622 3169 quoque
635 3102 664 3156 A
682 3117 750 3156 corr.
767 3102 835 3171 vulp.
854 3100 865 3174 ll
887 3101 922 3155 15
940 3100 1115 3157 fluctuamur

95 3176 176 3232 Gertz
201 3175 340 3230 flurtmm’
360 3171 403 3228 Α5
423 3173 518 3240 prima
539 3174 678 3242 scriptura
700 3189 780 3228 aare
803 3174 832 3242 (i.
846 3190 867 3227 e.
887 3172 1056 3226 fluctuamus
1079 3181 1115 3230 at

92 3249 159 3318 uolp.
175 3248 282 3313 editae,-
297 3246 345 3299 red
362 3244 477 3300 alteram
495 3244 613 3310 famam
631 3244 693 3300 Sea.
707 3245 762 3298 uid.
776 3245 940 3313 praetulisse
944 3264 955 3310 ;
972 3243 1113 3301 fluctuare

92 3320 150 3373 alai
173 3335 207 3373 ex
232 3318 249 3372 l.
270 3322 328 3371 nat.
350 3320 450 3385 quaeat.
472 3317 527 3370 ΙΙΙ
543 3320 617 3382 14,1
642 3316 686 3370 VI
699 3321 726 3382 1,
740 3319 773 3382 4,·
795 3320 821 3382 7,
836 3321 854 3370 6
875 3317 957 3370 Hero.
977 3314 1035 3382 fur.
1056 3319 1115 3373 699

93 3391 169 3458 epist.
189 3393 215 3456 4,
229 3391 255 3455 5,
272 3388 321 3442 ubi
338 3389 371 3442 iu
388 3404 407 3456 p
426 3387 516 3443 codiee
535 3386 674 3440 fluctuant
692 3403 760 3442 corr.
779 3393 819 3441 est
836 3403 870 3442 ea
887 3385 1016 3454 flectant,
1034 3391 1078 3455 52,
1096 3395 1112 3442 1

86 3459 132 3530 (P)
148 3476 208 3516 non
225 3460 346 3532 enatam)
