2400 3840
89 213 157 279 214
282 210 312 263 L.
327 207 469 263 ANNAEI
488 205 652 262 SENECAE
670 207 765 261 DIAL.
779 206 847 261 LIB.
861 204 921 261 VII.

90 357 197 421 deesse
224 357 332 439 potost
361 357 450 419 extra
473 353 665 419 desiderium
689 352 833 417 omnium
856 351 987 436 posito?
1018 348 1117 438 'quid

90 445 285 510 extrinsecus
309 464 390 527 opus
414 446 463 508 est
485 443 529 525 ei,
552 442 608 527 qui
631 442 740 507 omnia
763 463 821 507 sua
843 441 878 505 in
900 462 934 506 se
957 442 1118 529 collegit?

90 533 145 600 sed
173 534 215 617 ei,
243 532 300 616 qui
323 533 363 596 ad
385 532 537 596 virtutem
560 531 676 615 tandit,
705 531 801 594 etiam
824 531 852 595 si
875 531 1016 595 multum
1039 554 1116 617 pro·

90 622 198 705 cessit,
222 642 303 706 opus
326 624 375 687 est
392 622 502 704 aliqua
519 621 667 685 fortunae
685 619 886 705 indulgentia
903 619 1011 686 adhuc
1028 621 1116 687 111111

89 712 230 776 humana
258 710 409 793 luctanti,
438 710 514 774 dum
543 709 665 774 nodum
693 709 787 773 illum
815 709 936 774 exolvit
958 713 992 774 et
1015 731 1114 777 omne
1143 728 1154 770 s

89 800 253 865 vinculum
276 801 418 864 mortale.
457 799 534 882 qnid
558 819 634 883 ergo
657 797 811 862 interest?
848 797 934 881 quod
953 801 1023 863 arte
1042 801 1113 865 alli·

90 889 157 976 3111
180 893 256 955 sunt
278 889 348 972 alii,
371 889 517 952 adstricti
540 887 609 971 alii,
632 886 770 952 districti
793 908 935 971 quoque:
961 887 1030 971 hic,
1055 891 1114 974 qui

90 979 129 1043 ad
153 978 318 1063 superiora
339 998 528 1062 progressus
551 980 600 1042 est
623 980 655 1041 et
678 998 711 1041 se
736 976 831 1040 altius
851 976 979 1060 extulit,
1003 977 1114 1043 laxam

90 1071 234 1134 catonam
263 1066 364 1132 trahit
392 1067 536 1131 nondum
562 1066 657 1149 liber,
687 1065 751 1129 11111
779 1068 888 1129 tamen
915 1087 974 1148 pro
998 1066 1114 1133 libero.

56 1191 70 1240 1
178 1171 281 1239 XVII.
319 1170 354 1237 Si
382 1171 453 1256 quis
482 1172 591 1256 itaque
615 1171 763 1255 existis,
790 1171 846 1256 qui
868 1170 1115 1257 philosophiam
1132 1191 1155 1232 11

90 1263 283 1344 1111111111,
307 1261 394 1345 quod
417 1260 522 1326 solent
545 1260 674 1325 dixerit:
698 1260 811 1344 ‘quare
834 1282 911 1347 ergo
934 1265 971 1326 tu
994 1261 1115 1330 fortius

89 1351 231 1435 loqueris
261 1370 359 1434 quam
386 1348 491 1414 vivis?
536 1370 633 1432 quare
661 1353 693 1414 et
723 1349 880 1433 superiori
907 1350 1005 1415 verba
1028 1372 1116 1417 sum·

89 1439 193 1503 mittis
234 1442 266 1503 et
306 1438 476 1522 pecuniam
512 1438 727 1503 necessarium
762 1438 823 1502 tibi
861 1439 1116 1507 instrumentum

91 1527 254 1593 existimas
285 1531 317 1592 et
346 1527 462 1592 damno
495 1526 633 1592 moveris
661 1531 693 1591 11
719 1527 868 1593 lacrimas
899 1529 1009 1593 audita
1038 1551 1116 1596 con·

90 1615 175 1702 iugis
205 1619 262 1681 aut
291 1615 386 1682 amici
416 1619 519 1682 morte
547 1616 689 1681 demittis
717 1619 749 1681 et
775 1616 908 1700 respicis
936 1617 1059 1683 famam
1084 1623 1117 1684 et
1134 1635 1156 1677 11

55 1705 241 1790 amalignis
271 1705 471 1772 sermonibus
498 1704 663 1791 tangeris?
708 1728 806 1790 quare
834 1705 951 1772 cultius
973 1729 1029 1772 rus
1053 1708 1116 1773 tibi

90 1798 140 1860 est
166 1817 262 1879 quam
285 1795 441 1861 naturalis
464 1817 542 1861 usus
566 1794 746 1861 desiderat?
791 1816 848 1860 cur
869 1817 937 1859 non
960 1796 1001 1859 ad
1023 1819 1117 1881 prac-

91 1885 247 1968 scriptum
276 1888 370 1950 tuum
393 1884 510 1950 cenas?
554 1906 612 1949 cur
634 1882 694 1948 tibi
716 1883 850 1948 nitidior
873 1885 1019 1968 supellex
1043 1886 1117 1953 est?

91 1995 148 2039 our
177 1977 256 2057 aput
286 1977 319 2038 te
346 1973 458 2038 uinum
480 1976 584 2038 aetate
607 1976 663 2038 tua
686 1973 1010 2039 vetustiusbibitur?
1058 1997 1116 2041 cur

90 2062 268 2146 †auruum
295 2063 498 2146 disponitur?
544 2084 601 2128 cur
629 2062 757 2127 arbores
784 2063 868 2126 nihil
894 2065 1021 2147 praeter
1043 2087 1116 2129 um·
1133 2080 1157 2122 11

89 2153 181 2217 bram
208 2151 339 2216 daturae
367 2151 599 2216 conseruntur?
638 2172 735 2234 quare
757 2155 918 2216 uxortua
940 2153 1116 2237 locupletis

91 2240 206 2305 domus
243 2262 374 2305 censum
411 2241 541 2304 auribus
578 2239 684 2325 gerit?
743 2261 840 2322 quare
875 2240 1116 2327 paedagogium

91 2328 232 2412 pretiosa
268 2333 356 2394 veste
393 2327 613 2414 succingitur?
668 2348 765 2410 quare
801 2350 851 2394 ars
889 2335 938 2395 est
968 2334 1052 2416 aput
1083 2335 1115 2397 te

92 2417 274 2482 ministrare
296 2439 355 2482 nec
378 2421 497 2482 11111111
521 2420 553 2482 11
575 2417 715 2481 utlibet
738 2419 924 2483 conlocatur
942 2423 1116 2504 argentum

92 2506 147 2571 sed
183 2505 285 2589 perite
322 2506 456 2572 struitur
491 2510 524 2571 et
555 2510 604 2572 est
635 2506 751 2589 aliquis
788 2507 953 2573 scindendi
984 2509 1117 2574 obsonii
1133 2524 1157 2566 ²⁶

92 2593 283 2680 magister?'
332 2595 444 2679 adiee‚·
465 2595 493 2661 si
520 2596 583 2661 vis:
614 2594 687 2659 ‘cur
714 2599 802 2661 trans
830 2618 917 2661 mare
944 2598 1116 2680 possides?

93 2703 150 2748 cur
171 2685 266 2768 plura
289 2704 385 2766 quam
408 2683 517 2749 nosti?
552 2705 607 2750 eur
623 2684 761 2770 turpitet
779 2689 835 2750 aut
852 2688 920 2750 tam
937 2688 1115 2774 neglegens

182 2857 279 2912 61111
299 2857 381 2912 Gertz
404 2873 467 2912 ame
485 2858 512 2910 A
536 2856 547 2931 11
572 2858 587 2914 t
612 2857 662 2912 alii
680 2859 706 2912 Α
732 2859 858 2930 (altram
876 2859 1014 2929 11111111
1032 2877 1117 2918 versa

93 2928 157 2983 odd.
176 2927 227 2999 A⁶)
251 2930 312 2984 arte
335 2929 382 2982 all.
402 2931 467 2983 sunt
485 2928 548 2997 alii,
568 2929 654 2984 sdstr.
679 2929 741 2996 alii,
761 2928 840 2985 distr.
860 2947 905 2998 qu.
925 2932 1117 2988 Reitzenstein

94 3001 154 3054 arte
173 2999 220 3055 all.
235 3002 301 3055 sunt
319 2999 381 3066 alii,
401 3000 543 3066 adstricti,
565 3000 638 3072 [alii]
659 3001 737 3056 distr.
753 3019 779 3070 q.
796 3000 877 3056 Gertz
901 3000 952 3056 alii
970 3000 1017 3058 all.
1038 3007 1115 3072 sunt,

93 3070 144 3125 alii
159 3072 254 3140 aditu,
269 3071 320 3126 alii
333 3071 413 3126 distr.
428 3089 454 3140 q.
468 3073 537 3142 sols.
551 3070 554 3142 1
571 3070 694 3127 districti
706 3073 777 3142 vols.
791 3072 920 3127 destricti
929 3074 955 3127 A
968 3072 979 3157 11
993 3072 1029 3127 la
1041 3075 1116 3131 vivis

92 3144 161 3213 cols.
179 3143 260 3198 uiues
274 3143 302 3196 A
322 3141 333 3216 11
355 3142 390 3199 18
409 3141 528 3212 supplex
550 3142 677 3212 supellex
695 3143 736 3197 Α1
753 3144 801 3199 sed
819 3143 938 3213 supplex
956 3145 1005 3200 111.
1021 3151 1117 3203 trans·

92 3231 171 3270 versa
188 3215 285 3271 deleat
301 3215 365 3283 fort.
386 3214 426 3268 A·
447 3213 458 3286 11
482 3214 518 3269 20
541 3230 661 3268 auruum
679 3216 723 3285 (ur
737 3231 789 3284 per
807 3216 944 3285 compend.
959 3232 1011 3271 scr.
1025 3233 1118 3288 aspro

94 3301 112 3339 a
137 3286 294 3356 1191111111
318 3292 451 3355 ecmepte.
486 3287 638 3342 1111111111
659 3287 766 3342 tacens
788 3293 840 3342 cst:
865 3287 969 3341 atrium
992 3289 1118 3362 Madvig

92 3356 258 3411 viridarium
275 3357 317 3412 vel
333 3356 503 3412 veterarium
519 3357 601 3413 Gertz
617 3373 716 3411 aurum
731 3358 872 3413 Rossbach
883 3357 1033 3413 riciarium
1047 3362 1118 3418 olim

93 3427 484 3496 81111111111111111111111111
501 3428 512 3501 11
528 3428 563 3484 21
579 3430 762 3484 conseruntur
775 3431 843 3500 sely.
857 3429 923 3485 inde
936 3431 971 3484 ab
985 3430 1119 3488 urcem!

72 3501 341 3631 acpffiruanturl?
366 3499 378 3575 11
404 3499 440 3556 25
465 3500 584 3556 struitur
606 3501 722 3570 Lipsius
747 3515 792 3554 ser
815 3500 893 3555 uitur
912 3500 940 3553 A
964 3500 975 3573 11
1001 3501 1037 3558 at
1066 3520 1119 3560 cur

133 3586 145 3622 a
167 3572 183 3624 ι’
195 3573 281 3629 tertre
328 3590 360 3632 co
