2400 3840
102 189 169 254 314
298 185 329 239 L.
344 183 486 238 ANNAEI
505 182 669 239 SENECAE
687 184 782 239 DIAL.
797 184 864 240 LIB.
878 182 925 239 XI.

68 349 82 398 1
190 329 247 396 III
284 329 486 415 Adiciamus,
518 330 546 394 si
575 330 639 413 vis,
670 329 711 394 ad
740 330 799 395 has
830 331 990 414 querellas
1020 331 1129 417 ipsius

102 420 315 486 adulescentis
351 420 561 503 interceptam
597 420 681 483 inter
712 420 817 502 prima
848 420 1048 486 incrementa
1080 423 1130 486 in·

103 511 222 575 dolem:
252 509 369 595 dignus
398 508 462 573 fuit
490 509 546 573 ille
575 511 607 572 te
636 507 744 573 fratre.
789 513 826 573 tu
854 513 939 574 certe
962 532 1032 576 eras
1057 511 1130 597 dig·

102 598 268 682 nissimus,
292 598 348 682 qui
370 619 411 662 ne
435 619 474 661 ex
496 596 630 683 indigno
655 596 785 680 quidem
804 599 978 682 quicquam
998 598 1128 665 doleres

102 688 213 753 fratre:
242 686 387 752 redditur
416 686 466 750 illi
491 685 713 751 testimonium
741 688 874 770 aequale
897 688 1045 753 omnium
1068 689 1129 754 ho·
1160 711 1172 752 s

102 776 240 861 minum3
276 776 473 841 desideratur
509 777 544 839 in
574 778 668 840 tuum
699 774 870 859 honorem,
905 777 1060 842 laudatur
1091 779 1129 842 in

66 883 206 932 esuum.
255 865 338 929 nihil
366 864 401 928 in
429 863 487 929 illo
522 864 598 949 suit,
628 863 715 948 quod
741 886 808 929 non
832 866 971 931 libenter
1003 866 1129 952 adgno

103 977 214 1022 scaros.
259 958 297 1019 tu
336 951 465 1038 quidem
498 954 594 1018 etiam
626 953 733 1018 minus
764 954 850 1019 bono
883 954 976 1019 fratri
1005 953 1127 1022 fuisses

101 1046 220 1128 bonus,
247 1043 302 1109 sod
325 1042 360 1107 in
382 1043 439 1106 illo
462 1043 565 1126 pietas
588 1045 645 1107 tua
666 1041 815 1108 idoneam
837 1046 932 1109 nacta
954 1046 1128 1110 materiam

102 1134 205 1199 multo
233 1153 267 1197 se
293 1131 426 1197 liberius
454 1132 603 1196 exercuit.
649 1153 744 1196 nemo
772 1133 950 1216 potentiam
978 1133 1048 1198 eius
1078 1135 1128 1199 in-
1146 1157 1170 1197 1⁰

101 1223 185 1288 iuria
208 1221 321 1304 sensit,
342 1241 519 1302 numquam
541 1221 596 1285 ille
619 1224 652 1285 te
669 1220 801 1286 fiatrem
820 1221 880 1285 ulli
898 1222 1041 1287 minatus
1061 1228 1127 1307 est;

102 1312 142 1377 ad
170 1311 354 1394 exemplum
377 1329 411 1373 se
434 1308 608 1374 modestiae
630 1312 705 1374 tuae
728 1310 922 1375 formaverat
945 1311 1127 1397 cogitabat·

103 1422 179 1485 que,
197 1402 355 1484 quantum
373 1401 411 1460 tu
429 1400 462 1462 et
479 1402 703 1472 ornamentum
720 1401 851 1463 tuorum
871 1420 955 1464 esses
975 1403 1008 1465 et
1026 1422 1126 1466 onus:

67 1507 83 1554 3
103 1489 229 1554 suffecit
250 1488 306 1551 ille
328 1485 405 1550 huic
429 1487 577 1552 sarcinae.
624 1509 643 1552 o
668 1486 748 1552 dura
767 1487 835 1552 fata
853 1492 885 1552 et
902 1489 1001 1554 nullis
1020 1512 1127 1575 aequa

102 1576 289 1642 virtutibusl
334 1577 507 1658 antequam
538 1576 726 1642 felicitatem
759 1597 850 1642 suam
881 1581 993 1645 nosset
1023 1578 1127 1644 frater
1145 1599 1169 1641 ιι

101 1669 192 1749 tuus,
218 1668 384 1749 exemptus
413 1669 468 1729 est.
515 1687 629 1749 parum
652 1669 760 1730 autem
783 1688 834 1746 me
856 1666 1019 1752 indignari
1042 1668 1127 1752 scio;

101 1756 185 1820 nihil
221 1758 270 1820 est
301 1754 387 1819 enim
419 1753 583 1820 difficilius
617 1777 714 1839 qnam
745 1776 863 1842 magno
896 1756 1000 1820 dolori
1032 1758 1127 1841 paria

102 1845 200 1910 verba
231 1844 377 1928 reperire.
424 1844 608 1908 etiamnunc
638 1847 759 1927 tamen,
797 1845 825 1909 si
857 1843 934 1929 quid
966 1846 1126 1929 proficere

66 1951 286 2019 spossumus,
313 1954 559 2019 conqueramur:
590 1933 683 2016 ‘quid
711 1932 771 1997 tibi
798 1933 943 2016 voluisti,
975 1937 1044 1998 tam
1076 1936 1126 2001 in·

101 2025 187 2089 iusta
205 2026 322 2088 ettam
340 2022 482 2089 violenta
499 2020 651 2087 fortuna?
687 2024 754 2086 tam
773 2022 838 2087 cito
856 2026 889 2086 te
902 2021 1126 2109 indulgentiae
1143 2045 1168 2085 aa

102 2116 176 2178 tuae
212 2112 394 2196 paenituit?
440 2133 521 2195 quae
553 2112 615 2176 ista
647 2110 818 2176 erudelitas
851 2115 900 2176 est
931 2112 966 2176 in
997 2113 1125 2179 medios

17 2256 23 2274 ,
102 2202 216 2266 fratres
243 2202 399 2284 impetum
426 2200 529 2264 faeere
558 2202 678 2264 ettam
702 2200 969 2284 cruentarapina
991 2223 1126 2268 concor-

103 2289 267 2354 dissimam
290 2290 417 2354 turbam
440 2289 644 2372 imminuere,
666 2293 733 2352 tam
755 2289 836 2354 bene
860 2290 1013 2374 stipatam
1037 2293 1126 2376 opti·
1178 2291 1181 2297 ’

101 2400 229 2442 morum
252 2378 503 2444 adulescentium
527 2377 674 2461 domum,
695 2379 730 2441 in
752 2378 843 2443 nullo
865 2378 964 2444 fratre
988 2380 1124 2466 degene-

101 2471 240 2550 rantem,
266 2468 396 2533 turbare
419 2471 451 2533 et
474 2467 543 2532 sine
565 2467 633 2531 ulla
655 2488 751 2532 causa
774 2467 914 2532 delibare
937 2467 1125 2555 [voluisti]?
1142 2489 1167 2530 ιι

66 2555 185 2621 anihil
207 2577 283 2640 ergo
306 2556 439 2640 prodest
460 2556 644 2620 innocentia
667 2556 708 2620 ad
731 2577 859 2621 omnem
877 2558 982 2643 legem
1001 2562 1124 2644 exacta,

101 2644 185 2710 nihil
230 2646 362 2727 antiqua
406 2646 588 2731 frugalitas,
638 2644 721 2709 nihil
766 2644 930 2710 felicitatis
977 2669 1124 2714 summae

190 2837 208 2892 3
226 2837 314 2893 fratre
335 2839 358 2894 Ο
380 2838 469 2892 frater
488 2838 569 2893 Gertz
591 2836 601 2909 Η
622 2837 693 2892 4110
711 2838 778 2892 DE
794 2839 913 2909 Bentley
934 2854 987 2894 nec
1005 2839 1102 2896 BGV
1118 2840 1122 2913 Ι

101 2910 219 2980 indigno
240 2909 299 2965 GV
311 2910 379 2979 reip.
400 2910 485 2979 digno
508 2910 530 2965 O
547 2909 557 2982 ll
580 2908 615 2963 13
632 2910 665 2962 tu
684 2911 713 2964 et
726 2910 794 2964 DE
809 2912 838 2964 et
851 2909 950 2965 BHG
966 2909 977 2982 ll
994 2909 1031 2965 14
1049 2927 1124 2980 equa

101 2984 171 3037 BH
192 2981 263 3036 bene
289 2997 363 3050 equa
383 2982 451 3036 DE
475 2980 557 3048 (bene
581 2982 614 3035 ia
636 2981 702 3035 aliis
724 2981 863 3036 codicibus
879 2987 945 3050 post
967 2983 1123 3051 antequam

102 3055 216 3124 lepitar;
234 3052 284 3120 cfr.
299 3053 452 3108 Rossbach:
475 3053 507 3106 de
527 3051 589 3107 Sere.
609 3052 701 3107 libror.
719 3054 873 3107 recensione
890 3058 917 3107 et
934 3053 1123 3108 mwadatmae

96 3126 232 3194 p.11sq.)
256 3123 381 3194 benigna
402 3123 537 3179 Schultess
561 3122 571 3195 ll
595 3123 631 3178 18
653 3123 776 3193 reperire
795 3124 824 3178 B
849 3123 1003 3192 rependere
1023 3124 1123 3179 Dea

102 3196 305 3264 reprehendere
320 3198 356 3250 Η
372 3195 375 3267 l
397 3195 559 3249 etiamnunc
574 3195 670 3249 Haase
688 3194 746 3247 iam
760 3211 835 3249 nunc
852 3195 875 3250 0
891 3194 907 3318 lq
919 3195 955 3250 20
974 3196 1031 3250 cito
1047 3196 1078 3249 te
1091 3196 1122 3250 B

101 3269 131 3322 te
154 3284 204 3322 ora.
225 3267 249 3324 G
271 3267 288 3339 ll·
305 3267 339 3322 21
364 3268 419 3333 est,
442 3267 473 3320 in
495 3266 603 3321 medios
622 3307 628 3319 .
645 3307 672 3319 ..
697 3264 823 3320 delibare
847 3266 1006 3339 [uouisti]?
1031 3265 1123 3335 Gertz,

101 3338 216 3392 voluisti
243 3341 345 3394 inscita
368 3338 577 3407 interpolatione
602 3338 640 3391 ad
663 3338 816 3404 intuitivas
839 3354 869 3392 re
887 3338 970 3393 endas
995 3338 1123 3394 additam

103 3427 157 3465 esse
175 3411 326 3465 arbitratus
351 3412 410 3464 est?
438 3410 469 3463 in
486 3409 594 3463 medios
614 3451 641 3462 ..
658 3452 664 3462 .
685 3407 810 3462 delibare
828 3354 963 3463 nothisti?
984 3409 1007 3464 0
1024 3410 1094 3481 aolp.
1112 3409 1123 3482 ll

102 3479 138 3534 23
155 3482 215 3534 tam
229 3479 300 3535 bene
314 3483 342 3534 B
361 3480 477 3535 tandem
492 3480 547 3536 OG
565 3482 647 3535 latere
664 3481 725 3533 tam
739 3479 824 3536 dense
840 3482 997 3550 suspicatur
1012 3480 1095 3538 Gesta
1112 3489 1124 3545 ll

93 3551 134 3604 25
151 3550 267 3607 turbare
280 3552 354 3609 BH
365 3550 537 3624 proturbare
551 3552 580 3607 D
597 3549 766 3622 perturbate
781 3553 808 3606 Ε
