2400 3840
89 198 155 264 222
279 195 309 251 L.
324 193 466 248 ANNAEI
485 192 649 249 SENECAE
668 193 763 248 DIAL.
777 193 844 250 LIB.
858 192 921 250 VII.

89 341 174 405 idem
193 361 325 426 magnas
345 360 434 423 opes,
453 360 570 404 munus
589 340 736 405 fortunae
752 339 961 424 ductumque
974 341 1120 429 virtutis,

89 451 156 493 non
178 429 360 513 repudiabit
381 449 441 494 nee
462 429 618 494 excludet.
656 429 733 513 quid
754 428 840 494 enim
858 432 907 495 est
926 451 1035 514 quare
1054 432 1118 499 illis

89 518 175 583 bono
198 519 271 584 loco
291 517 454 583 invideat?
485 517 628 602 veniant,
650 517 863 604 hospitentur.
899 540 962 585 nec
980 520 1119 588 iactabit

90 607 162 672 illas
198 629 257 673 nec
294 607 469 673 abscondet
494 644 539 655 —
566 608 703 672 alterum
739 606 887 672 infruniti
919 608 1028 674 animi
1062 615 1117 695 est,

90 696 225 761 altarum
248 696 355 762 timidi
382 701 415 762 et
440 695 565 781 pusilli,
592 696 682 761 velut
703 717 858 782 maguum
879 697 1006 763 bonum
1032 700 1149 766 intas

90 786 196 850 sinum
220 787 469 852 continentis-
485 807 558 870 nec,
585 789 623 850 ut
645 786 725 869 dixi,
752 785 846 851 eiciet
867 786 940 852 illas
964 808 982 852 e
1007 787 1117 855 domo.

55 891 72 939 4
91 875 168 958 quid
191 876 277 941 enim
301 874 406 941 dicet?
437 879 587 941 utrumne
611 874 756 941 ‘inutiles
779 873 872 941 estis'
894 896 937 940 an
961 875 1045 963 ‘ego
1070 879 1117 944 uti

89 964 210 1031 divitiis
244 965 390 1031 nescio’?
443 964 714 1048 quemadmodum
747 964 844 1029 etiam
876 963 1016 1048 pedibus
1050 968 1117 1033 suis

89 1055 209 1138 poterit
226 1055 287 1120 iter
305 1053 476 1137 conficere,
494 1054 661 1119 escendere
679 1056 788 1118 tamen
803 1051 990 1119 vehiculum
1003 1057 1117 1141 malet,

90 1144 137 1209 sic
163 1166 287 1228 pauper
313 1144 370 1208 etsi
390 1143 512 1226 poterit
534 1165 616 1227 esse,
639 1143 728 1209 dives
751 1143 846 1207 volet.
892 1141 955 1228 [et]
979 1143 1117 1212 habebit
1132 1164 1152 1205 a

89 1233 197 1316 itaque
221 1254 311 1316 opes,
335 1232 391 1296 sed
413 1235 578 1316 tamquam
600 1233 687 1298 leves
706 1235 738 1296 et
756 1233 951 1315 evolaturas,
969 1254 1035 1299 nec
1056 1235 1117 1300 ulli

55 1322 146 1387 balii
168 1344 220 1387 eas
242 1342 302 1386 neo
325 1320 386 1385 sibi
408 1341 522 1406 graves
545 1342 614 1387 osae
636 1321 784 1406 patietur.
822 1321 1018 1386 donabit-
1036 1323 1117 1409 quid

89 1410 234 1475 erexistis
258 1408 371 1474 aures?
408 1409 486 1491 quid
508 1411 666 1494 expeditis
689 1409 817 1475 sinum?
834 1447 880 1456 —
897 1409 1037 1477 donabit
1060 1417 1118 1478 aut

88 1498 182 1563 bonis
205 1501 261 1562 aut
284 1499 345 1581 eis,
368 1519 448 1581 quos
471 1499 575 1564 facere
598 1499 718 1584 poterit
739 1499 856 1584 bonos,
879 1499 1014 1564 donabit
1040 1523 1116 1567 cum

90 1608 215 1652 summo
240 1586 375 1652 consilio
399 1587 605 1674 dignissimos
629 1589 765 1675 eligens,
789 1588 905 1673 utqui
927 1590 1154 1657 memineritis

89 1680 156 1741 tam
183 1697 397 1760 expensorum
421 1698 518 1761 quam
541 1681 746 1762 acceptorum
769 1677 926 1743 rationem
949 1699 1019 1744 esse
1044 1681 1117 1746 red·

89 1766 238 1850 dandam,
262 1766 395 1831 donabit
413 1789 453 1832 ex
470 1770 558 1833 recta
576 1771 608 1832 et
625 1766 786 1851 probabili
804 1789 913 1852 eausa,
931 1788 1008 1832 nam
1027 1768 1117 1836 nator

88 1859 198 1940 turpes
212 1855 351 1922 iacturas
365 1857 487 1921 malum
501 1877 617 1921 munus
632 1860 688 1940 est,
706 1855 838 1921 habebit
852 1857 958 1921 sinum
972 1856 1115 1944 facilem,

88 1967 155 2011 non
173 1946 386 2031 perforatum,
404 1969 444 2011 ex
462 1966 526 2029 quo
545 1947 648 2010 multa
666 1949 795 2029 exeant,
819 1949 852 2010 et
870 1944 953 2010 nihil
974 1947 1114 2014 excidat

55 2065 70 2114 1
178 2051 296 2118 XXIV.
332 2052 443 2137 Errat,
465 2054 493 2118 si
517 2053 589 2136 quis
613 2052 776 2118 existimat
797 2052 926 2118 facilem
948 2073 1019 2117 rem
1043 2075 1115 2121 ossa
1132 2075 1154 2116 a

90 2142 220 2207 donare:
245 2142 422 2226 plurimum
444 2142 508 2206 ista
529 2165 579 2207 res
602 2142 701 2207 habet
723 2141 937 2224 difficultatis,
960 2140 991 2206 si
1012 2143 1115 2210 modo

89 2230 224 2296 consilio
247 2232 415 2314 tribuitur,
437 2253 504 2296 non
527 2252 603 2296 casn
624 2234 656 2296 et
673 2231 796 2314 impetu
815 2230 986 2317 spargitur.
1023 2231 1115 2299 hunc

89 2340 286 2404 promereor,
316 2321 364 2384 illi
390 2319 503 2403 redd03
532 2320 609 2384 huic
632 2341 798 2404 succurro,
824 2319 920 2385 huius
943 2319 1115 2407 misereor3

90 2408 183 2471 illum
219 2408 343 2474 instruo
377 2409 511 2495 dignum
543 2429 638 2492 quem
670 2430 737 2473 non
769 2409 905 2475 deducat
936 2415 1114 2495 paupertas

88 2516 148 2561 nec
176 2501 368 2581 occupatum
391 2500 511 2582 teuent,
537 2497 728 2581 quibusdam
751 2520 818 2563 non
841 2498 938 2582 dabo,
961 2501 1115 2581 quamvis
1132 2520 1154 2562 a

90 2585 185 2669 desit,
204 2586 292 2669 quia,
310 2587 407 2652 etiam
426 2586 454 2652 si
472 2586 601 2671 dedero,
620 2586 681 2652 erit
699 2587 897 2672 defuturum3
916 2586 1115 2670 quibusdam

90 2673 236 2758 offeram,
266 2675 457 2760 quibusdam
484 2676 581 2740 etiam
608 2677 785 2744 inculcabo.
831 2699 897 2742 non
919 2696 1054 2761 possum
1079 2679 1115 2744 iu

179 2850 198 2904 2
225 2850 386 2920 repudiabit
408 2850 448 2907 A¹
477 2850 506 2923 (b
534 2868 568 2907 ex
594 2871 615 2907 u
642 2853 722 2923 corr.)
753 2853 818 2908 item
843 2869 868 2908 v.
891 2855 928 2908 24
954 2851 1079 2909 iactabit
1105 2854 1116 2927 ΗΗ

91 2921 110 2976 d
132 2920 231 2994 illaalle
252 2927 278 2977 A
303 2924 382 2992 (aaa.
400 2923 456 2979 vid.
476 2925 499 2993 a)
524 2923 535 2996 ΗΗ
559 2924 745 2978 descendere
763 2923 803 2978 A¹
827 2939 896 2978 corr.
914 2925 948 2978 ia
966 2939 1028 2978 aso
1045 2925 1088 2979 A⁶
1104 2934 1115 2989 Η

91 2992 127 3048 10
144 3009 253 3064 pauper
271 2995 325 3049 etsi
343 2995 449 3063 poterit
467 3009 541 3062 esse,
556 2995 582 3050 d.
596 3012 621 3049 r.
637 2995 772 3051 Schultess
790 2994 875 3066 paup'
891 2993 915 3049 si
928 2995 1036 3064 potorit
1051 3011 1114 3052 esse

90 3065 179 3120 diues.
206 3065 285 3120 uolet
300 3071 326 3121 A
344 3082 453 3136 pauper
471 3082 532 3121 esse
549 3066 668 3135 potarit,
687 3081 748 3121 esse
766 3065 793 3121 d.
807 3083 833 3122 v.
854 3067 935 3122 Gertz
959 3066 964 3138 Η
990 3065 1115 3122 habebit

91 3137 211 3208 Madoip
235 3136 396 3193 &habebit
415 3143 442 3193 A
465 3136 476 3210 ΗΗ
500 3137 536 3193 12
561 3137 612 3192 alii
637 3153 685 3192 eas
708 3137 789 3193 Gertz
814 3136 886 3192 alias
907 3136 947 3193 Αι
970 3136 1023 3206 alji
1044 3139 1087 3195 A⁶
1106 3140 1110 3211 Η

91 3207 177 3276 quid?
206 3209 341 3264 donauit?
370 3209 497 3264 erexistis
516 3224 606 3264 aures.
637 3209 707 3279 quid
724 3208 864 3278 expeditis
883 3207 994 3264 sinum?
1023 3209 1115 3266 dona-

89 3280 134 3334 uit
152 3280 192 3335 A¹
210 3282 344 3350 (primm
362 3279 480 3335 donauit
497 3298 572 3336 man,
589 3297 642 3336 rec.
661 3282 693 3335 ia
715 3279 835 3334 donabit
852 3296 931 3348 corr„
950 3281 1070 3338 arcam
1087 3289 1116 3339 et

90 3352 201 3408 anian
214 3351 255 3407 A⁸
271 3354 304 3407 ia
318 3353 416 3456 marp.)
435 3368 503 3408 corr.
519 3352 616 3408 Murct
628 3351 639 3425 ΗΗ
651 3351 687 3407 19
701 3351 810 3406 exeaut’
825 3351 952 3406 &nichil
964 3357 991 3407 A
1009 3353 1041 3408 et
1059 3369 1113 3411 om.

412 3440 480 3480 corr.
496 3424 536 3479 A⁶
553 3423 563 3497 ΗΗ
580 3423 616 3478 22
634 3422 736 3478 tribuit
750 3429 776 3479 A
794 3440 863 3480 corr.
877 3424 946 3493 volo.
964 3421 975 3496 ΗΗ
993 3421 1029 3479 27
1049 3426 1114 3494 qui-

89 3491 210 3547 busdam
233 3495 320 3550 etiam
342 3496 411 3568 vulp.
435 3494 537 3566 quibus
556 3496 580 3550 lo
597 3495 656 3550 ianr
672 3493 712 3550 Α1
729 3496 803 3564 qaod
819 3496 936 3552 mutavit
952 3494 985 3550 in
1005 3495 1114 3563 quibua

79 3563 167 3618 etiam
181 3566 227 3622 A*
243 3565 419 3638 quibusdam
439 3567 593 3627 inculcabo
608 3566 745 3625 Sebaltaaa

89 3424 158 3492 oolp.
180 3423 183 3494 Η
204 3422 337 3478 excidant
350 3429 376 3479 A
