2400 3840
231 204 281 259 AD
301 202 515 259 GALLIONEM
533 203 582 258 DE
600 202 689 257 VITA
706 202 830 257 ΒΕΑΤΑ
849 202 925 258 GAP.
941 209 974 258 21
1047 205 1113 272 219

96 371 154 415 vos
185 350 328 435 quidem,
358 349 445 432 quod
474 349 627 413 virtutem
656 349 876 433 cultoremque
899 349 967 414 eius
992 349 1148 433 odistiqc

95 439 179 504 nihil
205 439 283 505 novi
304 439 419 504 facitis.
464 461 540 502 nam
563 442 596 502 et
619 438 720 503 solem
741 439 865 503 lumina
887 460 983 525 aegra
1004 439 1114 503 formi-

96 530 174 593 dant
196 533 229 593 et
251 530 438 594 aversantur
456 527 541 591 diem
558 527 762 611 splendidum
779 531 937 593 nocturna
954 528 1115 612 animalia,

97 639 177 702 quac
208 618 248 682 ad
277 617 418 701 primum
447 617 515 681 eius
546 619 652 681 ortum
682 619 814 700 stupent
841 620 873 681 et
898 617 1033 682 latibula
1056 639 1114 683 sua

64 728 76 769 a
95 707 215 792 passim
238 710 366 790 petunt,
389 706 550 770 abduntur
573 706 607 769 in
630 705 753 788 aliquas
777 705 874 770 rimas
891 706 1005 771 timida
1022 707 1112 772 lucis.

96 796 214 882 gemite
233 799 266 860 et
283 795 444 860 infelicem
462 795 607 880 linguam
625 795 784 859 bonorum
802 799 945 860 exercete
960 796 1114 880 convicio,

96 886 196 968 hiato,
219 884 437 949 commordete:
460 884 555 949 citius
579 885 682 949 multo
705 884 860 970 frangetis
884 883 994 949 dentes
1018 907 1114 968 quam

96 973 294 1057 imprimetis.

185 1095 270 1162 XXI.
309 1095 440 1174 “Quare
472 1097 527 1162 ille
556 1095 782 1181 philosophiae
810 1095 973 1161 studiosus
1004 1099 1053 1162 est
1082 1101 1149 1162 et1

51 1210 78 1251 1o
95 1190 162 1251 tam
186 1186 274 1251 dives
297 1186 397 1251 vitam
421 1185 510 1272 agit?
547 1207 645 1270 quare
668 1206 746 1270 opes
769 1186 1018 1251 contemnendas
1037 1184 1116 1251 dicit

96 1280 128 1341 et
150 1274 269 1340 habet?
304 1275 405 1341 vitam
428 1275 696 1340 contemnendam
718 1278 813 1359 putat
835 1278 868 1340 et
885 1279 995 1340 tamen
1012 1274 1115 1341 vivit?

95 1364 312 1430 valetudinem
326 1365 593 1430 contemnendam
607 1368 640 1429 et
652 1368 762 1429 tamen
771 1365 860 1429 illam
870 1364 1115 1451 diligentissime

95 1458 204 1519 tuetur
240 1458 337 1538 atque
374 1453 529 1539 optimam
566 1453 710 1519 mavolt?
763 1458 796 1519 et
831 1454 964 1519 exilium
995 1476 1115 1519 vanum

96 1566 214 1608 nomen
242 1546 336 1626 putat
363 1546 396 1607 et
422 1543 480 1607 ait:
512 1543 605 1626 ‘quid
632 1543 718 1607 enim
746 1546 796 1608 est
817 1543 895 1607 mali
922 1547 1046 1609 mutare
1068 1566 1115 1609 re-

52 1653 77 1695 15
96 1631 247 1718 giones?’
292 1634 326 1695 et
356 1634 479 1714 tamen,
507 1631 655 1714 silicet,
685 1632 822 1697 senescit
848 1631 884 1696 in
910 1632 1037 1716 patria?
1082 1637 1115 1698 et

96 1721 180 1784 inter
201 1720 331 1805 longius
355 1722 483 1803 tempus
507 1722 540 1783 et
561 1719 690 1784 brevius
713 1719 796 1784 nihil
814 1720 967 1786 interesse
986 1722 1116 1806 iudicat,

96 1812 218 1891 tamen,
241 1808 269 1874 si
289 1806 374 1872 nihil
396 1807 559 1892 prohibet,
582 1808 725 1873 extendit
747 1811 884 1873 aetatem
907 1812 939 1874 et
961 1809 996 1873 in
1014 1811 1117 1875 multa

97 1900 260 1962 senectute
289 1896 436 1980 placidus
465 1895 596 1961 viret?''
630 1896 676 1961 ait
704 1897 768 1962 ista
797 1896 912 1962 debere
944 1899 1149 1982 contemni,a

96 2007 175 2071 non,
205 2008 246 2051 ne
272 1985 403 2070 habeat,
434 1986 490 2051 scd
516 2006 557 2050 ne
584 1986 742 2051 sollicitus
765 1984 895 2070 habeat3
925 2007 991 2050 non
1014 1986 1116 2072 abigit

51 2098 78 2138 ao
97 2076 153 2141 illa
182 2099 201 2140 a
229 2096 276 2158 se,
306 2075 361 2141 sed
388 2075 539 2140 abeuntia
566 2095 696 2141 securus
722 2074 936 2159 prosequitur.
987 2074 1115 2141 divitias
1146 2156 1148 2160 μ

97 2166 227 2250 quidem
245 2164 302 2230 ubi
320 2164 423 2230 tutius
441 2164 572 2229 fortuna
590 2165 729 2248 deponet
746 2185 844 2249 quam
862 2163 922 2248 ibi,
943 2165 1028 2230 unde
1046 2165 1115 2231 sine

98 2255 239 2338 querella
255 2254 418 2320 reddentis
436 2256 603 2338 receptura
621 2253 691 2319 est?
722 2252 764 2318 Μ.
785 2251 864 2318 (lato
883 2274 957 2319 cum
970 2254 1116 2319 laudaret
1134 2271 1150 2319 3

98 2343 229 2409 Curium
261 2348 294 2409 et
326 2342 562 2409 Coruncanium
594 2347 627 2409 et
657 2343 739 2408 illud
771 2343 947 2427 saeculum,
983 2345 1018 2409 in
1050 2365 1114 2429 quo

99 2434 278 2498 censorium
306 2434 428 2498 crimen
451 2435 519 2497 erat
541 2453 661 2518 paucae
685 2432 810 2519 argenti
831 2432 992 2517 lamellae,
1013 2432 1115 2518 possi·

52 2541 79 2582 as
99 2520 193 2586 debat
224 2522 294 2605 ipse
326 2522 516 2608 quadragies
549 2521 746 2605 sestertium,
778 2520 883 2587 minus
916 2521 984 2587 sine
1017 2521 1114 2587 dubio

99 2632 196 2694 quam
230 2608 375 2695 crassus,
409 2612 483 2694 plus
520 2632 618 2695 quam
650 2609 820 2677 Censorius
853 2608 940 2676 Cato.
995 2612 1115 2677 maiore

99 2699 214 2784 spatio,
232 2699 260 2763 si
278 2703 512 2784 comparentur,
529 2721 685 2784 proavom
702 2701 833 2784 vicerat,
850 2721 947 2784 quam
965 2723 985 2765 a
1001 2698 1114 2766 Crasso

187 2926 205 2980 2
228 2928 257 2981 et
279 2933 343 2982 onte
366 2927 452 2983 solem
475 2944 496 2983 c.
511 2944 535 2982 v.
550 2928 615 2982 odd.
629 2928 693 2995 fort.
708 2926 749 2983 A²
769 2928 821 3056 117
841 2929 920 2983 hiato
940 2929 1115 2998 Bosporum

96 2998 199 3072 hislate
218 2997 257 3053 Α1
277 2999 325 3054 ced
341 3000 404 3067 fieri
416 3005 519 3068 potest,
536 3005 570 3055 ut
586 3005 723 3068 prmctcm
740 3016 773 3055 su
809 3000 987 3067 sfcrtuitwm
1004 3001 1041 3054 rit
1058 2997 1116 3052 his-

98 3070 153 3125 cite
171 3071 203 3125 ire
220 3086 307 3140 marp.
326 3069 366 3125 Αο
387 3069 398 3143 11
418 3070 436 3125 9
455 3072 485 3125 et
502 3072 562 3124 tam
576 3076 602 3126 A
620 3072 649 3126 et
666 3072 763 3126 tamen
782 3072 878 3126 Haase
900 3071 910 3143 11
934 3070 970 3125 10
993 3071 1116 3124 contem·

97 3141 205 3196 nendas
219 3140 259 3197 «1ο
276 3143 308 3196 io
325 3159 378 3213 my.
397 3140 662 3215 contemnctbasa1
685 3140 696 3214 11
719 3141 756 3196 14
778 3144 862 3212 putat
879 3142 948 3211 colp.
967 3141 1072 3210 putant
1089 3145 1115 3195 Α

97 3213 171 3269 mide
184 3213 321 3269 Schultess
339 3214 444 3283 putans
463 3213 534 3268 dicit
546 3230 601 3283 pro
619 3215 703 3282 putat
721 3215 750 3269 et
770 3215 812 3268 ait
830 3215 899 3269 coni.
937 3212 1061 3282 regionis
1075 3211 1115 3266 Αι

97 3300 165 3340 corr.
180 3284 246 3351 fort.
259 3289 328 3340 aaz
349 3284 359 3359 11
382 3284 416 3340 17
435 3286 535 3353 <et>
553 3286 651 3340 tamen
669 3286 789 3355 Madau
810 3284 820 3357 11
842 3283 877 3338 al
894 3282 909 3355 1
915 3282 1010 3356 andes)
1025 3282 1065 3338 24⁶
1083 3284 1115 3338 in

97 3356 151 3423 fica
168 3373 236 3411 ocra.
260 3357 324 3426 (pro
342 3373 358 3412 e
377 3356 416 3411 Α1
434 3356 619 3426 habueratis)
640 3355 651 3428 11
672 3355 708 3410 28
726 3355 798 3410 illud
816 3357 884 3425 cclp.
903 3353 980 3423 illjut
993 3360 1019 3409 Α
1043 3356 1067 3426 (t
1083 3356 1115 3410 in

99 3426 117 3479 d
135 3443 204 3482 corr.
223 3444 258 3483 m.
276 3430 305 3497 2)
330 3426 333 3499 1
363 3426 400 3481 24
423 3428 579 3482 censorium
598 3441 615 3481 ς
637 3444 672 3482 ecc
689 3443 757 3482 corr.
772 3433 798 3483 et
815 3444 849 3482 m.
863 3441 955 3481 recens
972 3429 1005 3481 in
1022 3443 1079 3493 naq.
1095 3431 1122 3477 A

98 3512 151 3552 nec
168 3498 273 3552 sorium
287 3504 314 3554 A
364 3500 425 3553 erat
438 3504 464 3554 Α
483 3500 564 3553 erant
584 3499 685 3554 Gruter
706 3497 782 3571 1111)
800 3495 1050 3567 quuuimqenn'xaa
1065 3493 1144 3542 com·

98 3569 214 3637 rapam
227 3569 241 3641 11
256 3569 293 3625 27
311 3573 545 3640 compararentur
562 3572 734 3643 Weseoberq
