2400 3840
174 196 225 252 AD
243 197 434 252 POLYBIVM
451 197 501 251 DE
521 195 798 252 CONSULATIONE
818 197 1002 254 CAP.14.15
1043 203 1106 268 331

88 343 171 428 fat03
203 346 236 409 et
268 365 363 428 quam
396 342 568 427 impatiens
600 341 679 409 iuris
712 343 807 427 aequi
833 343 937 428 pietas
964 343 1110 411 Africani

88 433 199 517 fuerit,
226 433 350 498 cunctis
381 433 544 516 apparuit:
571 432 685 497 eodem
708 432 793 522 enim
817 433 868 498 die
892 431 1001 518 Scipio
1024 433 1109 500 Afri-

88 543 201 606 canus,
219 543 284 605 quo
302 522 435 586 viatoris
454 519 602 586 manibus
620 521 752 585 fratrem
772 522 962 607 abstulerat,
979 523 1108 590 tribuno

89 632 218 694 quoque
240 610 345 694 plebis
368 610 514 694 privatus
537 609 726 675 intercessit.
771 614 839 675 tam
863 634 981 698 magno
999 618 1109 679 tamen

58 700 220 765 efratrem
245 698 437 765 desideravit
459 698 513 765 bic
532 698 654 783 animo,
677 721 774 784 quam
793 700 985 766 defenderat.
1032 703 1144 786 quido

87 789 224 854 referam
241 786 460 853 Aemilianum
480 786 680 872 Scipionem,
703 788 760 872 qui
781 811 847 854 uno
865 811 967 874 paene
986 791 1110 857 eodem·

89 899 151 961 que
181 881 327 962 tempore
357 877 515 961 spectavit
543 875 645 961 patris
674 878 878 962 triumphum
908 880 1110 964 duorumque

87 967 225 1031 fratrum
242 966 378 1031 funera?
414 967 674 1031 adulescentulus
692 971 803 1032 tamen
820 989 858 1033 ac
876 968 1110 1053 propemodum

88 1077 169 1139 puer
191 1059 282 1121 tanto
302 1057 409 1121 animo
428 1056 507 1120 tulit
525 1055 616 1120 illam
634 1055 776 1122 familiae
795 1078 870 1123 suae
889 1078 986 1141 super
1004 1057 1111 1142 ipsum

44 1163 70 1204 ro
87 1144 182 1209 Pauli
195 1144 397 1229 triumphum
411 1144 610 1211 concidentis
625 1145 767 1211 subitam
780 1145 975 1230 vastitatem,
989 1151 1110 1231 quanto

88 1233 199 1299 debuit
225 1235 308 1299 ferre
335 1234 386 1299 vir
413 1234 448 1298 in
473 1233 537 1299 boc
562 1237 674 1318 natus,
699 1257 740 1300 ne
767 1236 840 1301 urbi
863 1235 1027 1301 Romanae
1055 1240 1111 1301 aut

88 1320 197 1408 Scipio
221 1324 345 1390 deesset
370 1327 426 1388 aut
450 1320 610 1408 Carthago
635 1329 824 1407 superesset.

176 1411 248 1477 XV.
285 1411 369 1496 [34]
399 1411 484 1489 Quid
511 1412 647 1476 referam
671 1414 808 1478 duorum
831 1413 1041 1480 Lucullorum
1065 1414 1110 1478 di·
1130 1431 1144 1480 1

87 1505 247 1585 remptam
270 1505 376 1566 morte
399 1501 626 1567 concordiam?
662 1503 741 1585 quid
763 1501 958 1587 Pompeios?
995 1503 1110 1587 quibus

44 1606 69 1649 ιε
86 1613 128 1654 16
155 1589 219 1654 hoc
247 1589 378 1672 quidem
406 1590 550 1655 saeviens
578 1589 711 1674 reliquit
738 1592 881 1676 fortuna,
909 1596 947 1658 ut
973 1615 1039 1658 una
1061 1615 1111 1658 ea·

88 1678 225 1761 demque
266 1677 472 1744 conciderent
511 1678 618 1743 ruina:
660 1680 743 1744 vixit
783 1678 900 1746 Sextus
936 1681 1110 1766 Pompeius

87 1767 229 1852 primum
258 1767 362 1833 sorori
390 1772 567 1852 superstes,
595 1768 686 1833 cuius
717 1772 820 1833 morte
848 1769 971 1853 optime
998 1771 1110 1835 cobae-

88 1855 188 1921 rentis
212 1855 377 1921 Romanae
406 1858 496 1941 pacis
525 1855 657 1921 vincula
677 1857 820 1922 resoluta
844 1861 931 1941 sunt,
962 1857 1111 1942 idemque

87 1945 142 2009 hic
164 1945 247 2010 vixit
269 1949 431 2030 superstes
456 1946 581 2030 optimo
604 1945 710 2029 fratri,
734 1967 829 2029 quem
847 1947 979 2011 fortuna
996 1947 1031 2011 in
1048 1948 1111 2013 hoc
1168 1992 1170 1996 -

43 2055 70 2095 eo
89 2038 250 2118 evexerat,
280 2058 322 2100 ne
349 2035 455 2101 minus
484 2036 548 2100 alte
576 2057 650 2100 enm
678 2034 828 2117 deiceret,
858 2057 956 2119 quam
985 2039 1110 2120 patrem

89 2123 259 2208 deiecerat3
282 2128 315 2189 et
337 2128 413 2209 post
434 2123 522 2190 bunc
544 2129 654 2190 tamen
672 2145 782 2189 casum
802 2122 918 2189 Sextus
937 2124 1110 2209 Pompeius

88 2235 155 2278 non
181 2216 309 2279 tantum
333 2214 452 2296 dolori,
479 2213 534 2280 sed
558 2214 655 2279 etiam
678 2212 764 2279 bello
787 2213 921 2278 suffecit.
966 2213 1145 2280 innume-2

88 2301 203 2367 rabilia
235 2303 378 2387 undique
411 2305 557 2387 exempla
589 2306 809 2387 separatorum
839 2305 943 2367 morte
975 2304 1111 2368 fratrum

89 2396 294 2477 succurrunt,
310 2393 411 2458 immo
430 2397 542 2458 contra
560 2391 616 2456 vix
633 2393 701 2457 ulla
718 2412 872 2474 umquam
890 2391 1007 2457 horum
1021 2393 1112 2478 paria

45 2498 71 2539 ac
90 2485 262 2563 conspecta
285 2486 449 2547 suntuna
472 2481 682 2565 senescentia3
710 2481 766 2545 sed
790 2484 959 2547 contentus
982 2486 1111 2548 nostrae

90 2567 204 2634 domus
242 2571 397 2655 exemplis
435 2594 498 2637 ero.
544 2591 640 2636 nemo
677 2570 763 2634 enim
799 2573 867 2635 tam
905 2592 1017 2655 expers
1050 2571 1111 2636 erit

90 2677 202 2722 sensus
230 2679 268 2722 ac
294 2660 456 2742 sanitatis,
482 2664 521 2726 ut
542 2660 706 2725 fortunam
729 2659 790 2723 ulli
812 2664 964 2742 queratur
985 2661 1110 2726 luctum

89 2745 251 2830 intulisse,
280 2768 376 2830 quam
404 2749 484 2814 sciet
507 2749 603 2813 etiam
627 2747 798 2813 Caesarum
821 2748 970 2814 lacrimas
995 2769 1110 2814 concu-

89 2834 184 2919 pisse.
231 2836 323 2901 divus
342 2835 509 2922 Augustus
533 2837 642 2902 amisit
661 2835 827 2902 Octaviam
851 2860 994 2903 sororem
1017 2837 1146 2902 caris-3

179 2993 195 3046 1
215 2992 367 3062 impatiens
385 2994 455 3048 iuris
474 2994 558 3063 aequi
573 2996 669 3049 Haase
691 2993 761 3048 iuris
781 2994 866 3063 aequi
884 2994 1037 3063 impatiens
1050 2995 1114 3048 DE

89 3065 202 3133 patiens
227 3066 297 3119 iuris
323 3067 352 3120 61
377 3066 462 3132 aequi
481 3067 510 3120 Β
535 3067 577 3135 (in
599 3082 685 3136 uturp.
706 3082 774 3121 corr.
799 3065 962 3134 impatiens)
988 3065 1057 3119 iuris
1083 3066 1112 3120 et

90 3137 175 3205 aequi
193 3138 305 3204 patiens
320 3139 355 3192 H
368 3136 378 3210 11
395 3136 413 3190 2
428 3135 522 3205 Scipio
536 3136 687 3191 Africanus
705 3138 757 3193 del.
773 3138 870 3192 eret
887 3137 897 3208 11
914 3135 932 3190 t
947 3136 1112 3191 defenderat

89 3209 158 3277 volp.
187 3207 352 3264 defenderet
373 3210 402 3263 Β
430 3209 488 3278 (aed
513 3225 580 3263 corr.
603 3209 636 3263 io
660 3211 757 3279 maro.)
780 3210 814 3263 Η
839 3207 998 3262 defenderit
1017 3209 1080 3262 DE
1101 3206 1112 3281 11

90 3278 126 3333 13
144 3279 333 3351 lucitillorum
352 3280 522 3348 diremptam
541 3281 631 3333 morte
644 3281 673 3334 Β
691 3296 760 3334 corr.
774 3283 843 3335 m.2
863 3279 873 3351 11
898 3278 933 3333 15
957 3279 1112 3348 eademque

96 3351 256 3422 Wesenberp
275 3351 396 3420 denique
418 3353 444 3435 0¹
457 3351 467 3424 11
489 3350 525 3405 16
543 3351 674 3407 Senecam
692 3367 796 3406 errasse
813 3352 870 3418 tic,
889 3357 922 3406 ot
939 3352 1063 3420 coeptas,
1080 3351 1112 3406 io

90 3420 206 3476 btstorc'u
230 3439 287 3476 ooo
311 3423 386 3506 16911
405 3424 535 3491 Iopsium
558 3421 569 3494 11
593 3421 629 3476 20
655 3423 784 3478 evexerat
809 3421 890 3505 (lecta
915 3420 1126 3537 6161611101

91 3491 126 3545 21
145 3492 245 3547 Sextus
259 3493 409 3562 Pompems
429 3495 480 3548 dcl.
496 3496 592 3549 Maret
609 3493 619 3566 11
637 3493 672 3548 28
691 3509 776 3562 quam
793 3495 864 3548 sc1et
879 3493 902 3548 0
919 3510 1011 3559 duem
1018 3509 1113 3542 eaxan

92 3563 127 3617 Η
141 3564 215 3619 uode
234 3580 318 3633 quom
337 3565 433 3619 scierit
452 3565 535 3622 Gertz
