<?xml version="1.0" encoding="UTF-8"?>
<!DOCTYPE html PUBLIC "-//W3C//DTD XHTML 1.0 Transitional//EN"
    "http://www.w3.org/TR/xhtml1/DTD/xhtml1-transitional.dtd">
<html xmlns="http://www.w3.org/1999/xhtml" xml:lang="en" lang="en">
 <head>
  <title>
</title>
<meta http-equiv="Content-Type" content="text/html;charset=utf-8" />
  <meta name='ocr-system' content='tesseract 3.04.00' />
  <meta name='ocr-capabilities' content='ocr_page ocr_carea ocr_par ocr_line ocrx_word'/>
</head>
<body>
  <div class='ocr_page' id='page_1' title='image "./dialogorumlibro00senegoog_0301.png"; bbox 0 0 2400 3840; ppageno 0'>
   <div class='ocr_carea' id='block_1_1' title="bbox 87 183 911 256">
    <p class='ocr_par' dir='ltr' id='par_1_1' title="bbox 87 183 911 256">
     <span class='ocr_line' id='line_1_1' title="bbox 87 183 911 256; baseline -0.007 -12"><span class='ocrx_word' id='word_1_1' title='bbox 87 191 153 256; x_wconf 74' lang='grc'>276</span> <span class='ocrx_word' id='word_1_2' title='bbox 284 186 314 240; x_wconf 84' lang='lat' dir='ltr'>L.</span> <span class='ocrx_word' id='word_1_3' title='bbox 329 185 472 240; x_wconf 87' lang='lat' dir='ltr'>ANNAEI</span> <span class='ocrx_word' id='word_1_4' title='bbox 490 185 654 241; x_wconf 76' lang='lat' dir='ltr'>SENECAE</span> <span class='ocrx_word' id='word_1_5' title='bbox 672 185 768 239; x_wconf 88' lang='lat' dir='ltr'><strong><em>DIAL.</em></strong></span> <span class='ocrx_word' id='word_1_6' title='bbox 782 184 850 240; x_wconf 81' lang='lat' dir='ltr'>LIB.</span> <span class='ocrx_word' id='word_1_7' title='bbox 864 183 911 239; x_wconf 86' lang='lat' dir='ltr'>IX.</span> 
     </span>
    </p>
   </div>
   <div class='ocr_carea' id='block_1_2' title="bbox 53 330 1160 2998">
    <p class='ocr_par' dir='ltr' id='par_1_2' title="bbox 53 330 1160 2998">
     <span class='ocr_line' id='line_1_2' title="bbox 88 330 1118 414; baseline -0.001 -17"><span class='ocrx_word' id='word_1_8' title='bbox 88 333 255 397; x_wconf 87' lang='lat' dir='ltr'>retinenda</span> <span class='ocrx_word' id='word_1_9' title='bbox 286 353 377 397; x_wconf 91' lang='lat' dir='ltr'>mens</span> <span class='ocrx_word' id='word_1_10' title='bbox 411 335 474 414; x_wconf 91' lang='lat' dir='ltr'>est,</span> <span class='ocrx_word' id='word_1_11' title='bbox 510 331 565 396; x_wconf 91' lang='lat' dir='ltr'>sed</span> <span class='ocrx_word' id='word_1_12' title='bbox 598 331 637 395; x_wconf 97' lang='lat' dir='ltr'>ad</span> <span class='ocrx_word' id='word_1_13' title='bbox 669 330 758 396; x_wconf 92' lang='lat' dir='ltr'>iocos</span> <span class='ocrx_word' id='word_1_14' title='bbox 791 330 985 396; x_wconf 83' lang='lat' dir='ltr'>devocanda.</span> <span class='ocrx_word' id='word_1_15' title='bbox 1040 352 1118 397; x_wconf 88' lang='lat' dir='ltr'>cum</span> 
     </span>
     <span class='ocr_line' id='line_1_3' title="bbox 88 417 1118 504; baseline 0 -18"><span class='ocrx_word' id='word_1_16' title='bbox 88 422 231 504; x_wconf 81' lang='lat' dir='ltr'><strong>puerulis</strong></span> <span class='ocrx_word' id='word_1_17' title='bbox 251 419 398 486; x_wconf 77' lang='lat' dir='ltr'><strong>Socrates</strong></span> <span class='ocrx_word' id='word_1_18' title='bbox 420 420 532 486; x_wconf 91' lang='lat' dir='ltr'>ludere</span> <span class='ocrx_word' id='word_1_19' title='bbox 553 442 620 484; x_wconf 93' lang='lat' dir='ltr'>non</span> <span class='ocrx_word' id='word_1_20' title='bbox 639 419 860 503; x_wconf 89' lang='lat' dir='ltr'>erubescebat,</span> <span class='ocrx_word' id='word_1_21' title='bbox 883 422 916 485; x_wconf 89' lang='lat' dir='ltr'>et</span> <span class='ocrx_word' id='word_1_22' title='bbox 934 417 1017 486; x_wconf 80' lang='lat' dir='ltr'>Cato</span> <span class='ocrx_word' id='word_1_23' title='bbox 1037 421 1118 486; x_wconf 82' lang='lat' dir='ltr'>vino</span> 
     </span>
     <span class='ocr_line' id='line_1_4' title="bbox 89 506 1116 595; baseline 0 -20"><span class='ocrx_word' id='word_1_24' title='bbox 89 511 220 575; x_wconf 87' lang='lat' dir='ltr'>laxabat</span> <span class='ocrx_word' id='word_1_25' title='bbox 252 510 395 575; x_wconf 89' lang='lat' dir='ltr'>animum</span> <span class='ocrx_word' id='word_1_26' title='bbox 428 509 512 575; x_wconf 92' lang='lat' dir='ltr'>curis</span> <span class='ocrx_word' id='word_1_27' title='bbox 544 509 682 594; x_wconf 88' lang='lat' dir='ltr'>publicis</span> <span class='ocrx_word' id='word_1_28' title='bbox 714 509 902 595; x_wconf 83' lang='lat' dir='ltr'>fatigatum,</span> <span class='ocrx_word' id='word_1_29' title='bbox 934 513 968 574; x_wconf 90' lang='lat' dir='ltr'>et</span> <span class='ocrx_word' id='word_1_30' title='bbox 1001 506 1116 594; x_wconf 81' lang='lat' dir='ltr'><strong>Scipio</strong></span> 
     </span>
     <span class='ocr_line' id='line_1_5' title="bbox 87 598 1117 684; baseline 0 -20"><span class='ocrx_word' id='word_1_31' title='bbox 87 600 283 684; x_wconf 92' lang='lat' dir='ltr'>triumphale</span> <span class='ocrx_word' id='word_1_32' title='bbox 301 600 382 664; x_wconf 93' lang='lat' dir='ltr'>illud</span> <span class='ocrx_word' id='word_1_33' title='bbox 396 621 433 664; x_wconf 92' lang='lat' dir='ltr'>ac</span> <span class='ocrx_word' id='word_1_34' title='bbox 447 598 585 663; x_wconf 90' lang='lat' dir='ltr'>militare</span> <span class='ocrx_word' id='word_1_35' title='bbox 600 620 716 682; x_wconf 88' lang='lat' dir='ltr'>corpus</span> <span class='ocrx_word' id='word_1_36' title='bbox 731 598 881 663; x_wconf 86' lang='lat' dir='ltr'>movebat</span> <span class='ocrx_word' id='word_1_37' title='bbox 895 598 936 662; x_wconf 81' lang='lat' dir='ltr'>ad</span> <span class='ocrx_word' id='word_1_38' title='bbox 949 620 1117 683; x_wconf 87' lang='lat' dir='ltr'>numeros,</span> 
     </span>
     <span class='ocr_line' id='line_1_6' title="bbox 65 688 1154 774; baseline -0.006 -20"><span class='ocrx_word' id='word_1_39' title='bbox 65 706 155 754; x_wconf 88' lang='lat' dir='ltr'>non</span> <span class='ocrx_word' id='word_1_40' title='bbox 186 689 328 754; x_wconf 88' lang='lat' dir='ltr'>molliter</span> <span class='ocrx_word' id='word_1_41' title='bbox 359 710 393 753; x_wconf 90' lang='lat' dir='ltr'>se</span> <span class='ocrx_word' id='word_1_42' title='bbox 425 688 618 774; x_wconf 79' lang='lat' dir='ltr'>infringens,</span> <span class='ocrx_word' id='word_1_43' title='bbox 649 691 686 752; x_wconf 93' lang='lat' dir='ltr'>ut</span> <span class='ocrx_word' id='word_1_44' title='bbox 717 709 804 752; x_wconf 90' lang='lat' dir='ltr'>nunc</span> <span class='ocrx_word' id='word_1_45' title='bbox 833 707 902 752; x_wconf 92' lang='lat' dir='ltr'>mos</span> <span class='ocrx_word' id='word_1_46' title='bbox 933 691 984 752; x_wconf 88' lang='lat' dir='ltr'>est</span> <span class='ocrx_word' id='word_1_47' title='bbox 1014 688 1116 753; x_wconf 88' lang='lat' dir='ltr'>etiam</span> <span class='ocrx_word' id='word_1_48' title='bbox 1144 708 1154 748; x_wconf 78' lang='lat' dir='ltr'>s</span> 
     </span>
     <span class='ocr_line' id='line_1_7' title="bbox 88 775 1116 863; baseline 0.001 -22"><span class='ocrx_word' id='word_1_49' title='bbox 88 779 216 843; x_wconf 78' lang='lat' dir='ltr'>incessu</span> <span class='ocrx_word' id='word_1_50' title='bbox 237 779 309 863; x_wconf 92' lang='lat' dir='ltr'>ipso</span> <span class='ocrx_word' id='word_1_51' title='bbox 332 779 418 842; x_wconf 89' lang='lat' dir='ltr'>ultra</span> <span class='ocrx_word' id='word_1_52' title='bbox 440 778 629 842; x_wconf 81' lang='lat' dir='ltr'>muliebrem</span> <span class='ocrx_word' id='word_1_53' title='bbox 651 776 823 841; x_wconf 90' lang='lat' dir='ltr'>mollitiam</span> <span class='ocrx_word' id='word_1_54' title='bbox 841 775 1032 862; x_wconf 91' lang='lat' dir='ltr'>fluentibus,</span> <span class='ocrx_word' id='word_1_55' title='bbox 1058 777 1116 842; x_wconf 90' lang='lat' dir='ltr'>sed</span> 
     </span>
     <span class='ocr_line' id='line_1_8' title="bbox 89 866 1116 951; baseline 0 -20"><span class='ocrx_word' id='word_1_56' title='bbox 89 870 126 931; x_wconf 93' lang='lat' dir='ltr'>ut</span> <span class='ocrx_word' id='word_1_57' title='bbox 149 868 274 951; x_wconf 76' lang='lat' dir='ltr'>antiqui</span> <span class='ocrx_word' id='word_1_58' title='bbox 298 867 347 932; x_wconf 92' lang='lat' dir='ltr'>illi</span> <span class='ocrx_word' id='word_1_59' title='bbox 369 866 431 931; x_wconf 85' lang='lat' dir='ltr'>viri</span> <span class='ocrx_word' id='word_1_60' title='bbox 454 866 602 930; x_wconf 91' lang='lat' dir='ltr'>solebant</span> <span class='ocrx_word' id='word_1_61' title='bbox 628 866 713 930; x_wconf 91' lang='lat' dir='ltr'>inter</span> <span class='ocrx_word' id='word_1_62' title='bbox 733 867 842 930; x_wconf 90' lang='lat' dir='ltr'>lusum</span> <span class='ocrx_word' id='word_1_63' title='bbox 865 886 903 930; x_wconf 87' lang='lat' dir='ltr'>ao</span> <span class='ocrx_word' id='word_1_64' title='bbox 925 866 1010 931; x_wconf 91' lang='lat' dir='ltr'>festa</span> <span class='ocrx_word' id='word_1_65' title='bbox 1032 869 1116 931; x_wconf 88' lang='lat' dir='ltr'>tern-</span> 
     </span>
     <span class='ocr_line' id='line_1_9' title="bbox 87 955 1117 1040; baseline -0.001 -19"><span class='ocrx_word' id='word_1_66' title='bbox 87 978 168 1040; x_wconf 92' lang='lat' dir='ltr'>pora</span> <span class='ocrx_word' id='word_1_67' title='bbox 194 957 320 1021; x_wconf 82' lang='lat' dir='ltr'>virilem</span> <span class='ocrx_word' id='word_1_68' title='bbox 348 957 383 1020; x_wconf 95' lang='lat' dir='ltr'>in</span> <span class='ocrx_word' id='word_1_69' title='bbox 409 956 542 1021; x_wconf 91' lang='lat' dir='ltr'>modum</span> <span class='ocrx_word' id='word_1_70' title='bbox 569 955 759 1039; x_wconf 76' lang='lat' dir='ltr'>tripudiare,</span> <span class='ocrx_word' id='word_1_71' title='bbox 785 976 853 1019; x_wconf 93' lang='lat' dir='ltr'>non</span> <span class='ocrx_word' id='word_1_72' title='bbox 874 955 994 1021; x_wconf 87' lang='lat' dir='ltr'>facturi</span> <span class='ocrx_word' id='word_1_73' title='bbox 1016 955 1117 1020; x_wconf 78' lang='lat' dir='ltr'>deui-</span> 
     </span>
     <span class='ocr_line' id='line_1_10' title="bbox 53 1042 1117 1129; baseline -0.001 -18"><span class='ocrx_word' id='word_1_74' title='bbox 53 1064 69 1111; x_wconf 79' lang='lat'>5</span> <span class='ocrx_word' id='word_1_75' title='bbox 88 1049 248 1129; x_wconf 89' lang='lat' dir='ltr'>mentum,</span> <span class='ocrx_word' id='word_1_76' title='bbox 266 1046 363 1111; x_wconf 91' lang='lat' dir='ltr'>etiam</span> <span class='ocrx_word' id='word_1_77' title='bbox 383 1045 410 1109; x_wconf 89' lang='lat' dir='ltr'>si</span> <span class='ocrx_word' id='word_1_78' title='bbox 429 1044 470 1109; x_wconf 93' lang='lat' dir='ltr'>ab</span> <span class='ocrx_word' id='word_1_79' title='bbox 488 1044 635 1109; x_wconf 78' lang='lat' dir='ltr'>hostibus</span> <span class='ocrx_word' id='word_1_80' title='bbox 654 1044 720 1110; x_wconf 89' lang='lat' dir='ltr'>suis</span> <span class='ocrx_word' id='word_1_81' title='bbox 739 1047 968 1127; x_wconf 82' lang='lat' dir='ltr'>spectarentur.</span> <span class='ocrx_word' id='word_1_82' title='bbox 1007 1042 1117 1110; x_wconf 87' lang='lat' dir='ltr'>danda</span> 
     </span>
     <span class='ocr_line' id='line_1_11' title="bbox 89 1131 1155 1218; baseline -0.007 -19"><span class='ocrx_word' id='word_1_83' title='bbox 89 1139 138 1200; x_wconf 88' lang='lat' dir='ltr'>est</span> <span class='ocrx_word' id='word_1_84' title='bbox 151 1135 266 1199; x_wconf 91' lang='lat' dir='ltr'>animis</span> <span class='ocrx_word' id='word_1_85' title='bbox 275 1134 435 1200; x_wconf 86' lang='lat' dir='ltr'>remissio:</span> <span class='ocrx_word' id='word_1_86' title='bbox 449 1134 597 1198; x_wconf 89' lang='lat' dir='ltr'>meliores</span> <span class='ocrx_word' id='word_1_87' title='bbox 612 1133 814 1216; x_wconf 73' lang='lat' dir='ltr'>acrioresque</span> <span class='ocrx_word' id='word_1_88' title='bbox 823 1131 960 1218; x_wconf 88' lang='lat' dir='ltr'>requieti</span> <span class='ocrx_word' id='word_1_89' title='bbox 968 1138 1116 1218; x_wconf 83' lang='lat' dir='ltr'>surgent.</span> <span class='ocrx_word' id='word_1_90' title='bbox 1134 1153 1155 1193; x_wconf 79' lang='grc' dir='ltr'>ιο</span> 
     </span>
     <span class='ocr_line' id='line_1_12' title="bbox 89 1221 1116 1308; baseline 0.001 -21"><span class='ocrx_word' id='word_1_91' title='bbox 89 1228 126 1289; x_wconf 93' lang='lat' dir='ltr'>ut</span> <span class='ocrx_word' id='word_1_92' title='bbox 153 1223 314 1288; x_wconf 86' lang='lat' dir='ltr'>fertilibus</span> <span class='ocrx_word' id='word_1_93' title='bbox 342 1222 427 1308; x_wconf 82' lang='lat' dir='ltr'>agris</span> <span class='ocrx_word' id='word_1_94' title='bbox 455 1244 522 1286; x_wconf 94' lang='lat' dir='ltr'>non</span> <span class='ocrx_word' id='word_1_95' title='bbox 550 1227 599 1287; x_wconf 91' lang='lat' dir='ltr'>est</span> <span class='ocrx_word' id='word_1_96' title='bbox 621 1222 845 1307; x_wconf 91' lang='lat' dir='ltr'>imperandum</span> <span class='ocrx_word' id='word_1_97' title='bbox 868 1221 1001 1287; x_wconf 90' lang='lat' dir='ltr'>—cito</span> <span class='ocrx_word' id='word_1_98' title='bbox 1025 1223 1116 1288; x_wconf 92' lang='lat' dir='ltr'>enim</span> 
     </span>
     <span class='ocr_line' id='line_1_13' title="bbox 89 1311 1117 1395; baseline 0 -18"><span class='ocrx_word' id='word_1_99' title='bbox 89 1314 163 1377; x_wconf 91' lang='lat' dir='ltr'>illos</span> <span class='ocrx_word' id='word_1_100' title='bbox 192 1312 359 1376; x_wconf 73' lang='lat' dir='ltr'>exhauriet</span> <span class='ocrx_word' id='word_1_101' title='bbox 381 1332 558 1394; x_wconf 85' lang='lat' dir='ltr'>numquam</span> <span class='ocrx_word' id='word_1_102' title='bbox 581 1312 764 1376; x_wconf 90' lang='lat' dir='ltr'>intermissa</span> <span class='ocrx_word' id='word_1_103' title='bbox 786 1311 965 1377; x_wconf 78' lang='lat' dir='ltr'>fecunditas</span> <span class='ocrx_word' id='word_1_104' title='bbox 990 1348 1044 1395; x_wconf 92' lang='lat'>—,</span> <span class='ocrx_word' id='word_1_105' title='bbox 1070 1313 1117 1377; x_wconf 87' lang='lat' dir='ltr'>ita</span> 
     </span>
     <span class='ocr_line' id='line_1_14' title="bbox 90 1399 1117 1486; baseline 0.001 -22"><span class='ocrx_word' id='word_1_106' title='bbox 90 1401 271 1465; x_wconf 90' lang='lat' dir='ltr'>animorum</span> <span class='ocrx_word' id='word_1_107' title='bbox 298 1401 438 1483; x_wconf 91' lang='lat' dir='ltr'>impetus</span> <span class='ocrx_word' id='word_1_108' title='bbox 466 1399 618 1465; x_wconf 92' lang='lat' dir='ltr'>adsiduus</span> <span class='ocrx_word' id='word_1_109' title='bbox 641 1401 734 1465; x_wconf 91' lang='lat' dir='ltr'>labor</span> <span class='ocrx_word' id='word_1_110' title='bbox 755 1400 896 1486; x_wconf 76' lang='lat' dir='ltr'>franget,</span> <span class='ocrx_word' id='word_1_111' title='bbox 926 1399 1012 1465; x_wconf 80' lang='lat' dir='ltr'>vires</span> <span class='ocrx_word' id='word_1_112' title='bbox 1035 1401 1117 1467; x_wconf 88' lang='lat' dir='ltr'>reci-</span> 
     </span>
     <span class='ocr_line' id='line_1_15' title="bbox 90 1487 1117 1573; baseline 0.005 -22"><span class='ocrx_word' id='word_1_113' title='bbox 90 1490 180 1573; x_wconf 88' lang='lat' dir='ltr'>pient</span> <span class='ocrx_word' id='word_1_114' title='bbox 198 1490 331 1572; x_wconf 91' lang='lat' dir='ltr'>panlum</span> <span class='ocrx_word' id='word_1_115' title='bbox 350 1489 485 1554; x_wconf 87' lang='lat' dir='ltr'>resoluti</span> <span class='ocrx_word' id='word_1_116' title='bbox 503 1492 536 1553; x_wconf 91' lang='lat' dir='ltr'>et</span> <span class='ocrx_word' id='word_1_117' title='bbox 553 1490 692 1573; x_wconf 81' lang='lat' dir='ltr'>remissi3</span> <span class='ocrx_word' id='word_1_118' title='bbox 709 1490 853 1555; x_wconf 89' lang='lat' dir='ltr'>nascitur</span> <span class='ocrx_word' id='word_1_119' title='bbox 870 1511 910 1555; x_wconf 86' lang='lat' dir='ltr'>ex</span> <span class='ocrx_word' id='word_1_120' title='bbox 924 1487 1117 1556; x_wconf 78' lang='lat' dir='ltr'>assiduitate</span> 
     </span>
     <span class='ocr_line' id='line_1_16' title="bbox 55 1578 1157 1664; baseline 0.002 -21"><span class='ocrx_word' id='word_1_121' title='bbox 55 1578 238 1643; x_wconf 86' lang='lat' dir='ltr'>claborum</span> <span class='ocrx_word' id='word_1_122' title='bbox 261 1578 442 1642; x_wconf 91' lang='lat' dir='ltr'>animorum</span> <span class='ocrx_word' id='word_1_123' title='bbox 462 1579 625 1644; x_wconf 91' lang='lat' dir='ltr'>hebetatio</span> <span class='ocrx_word' id='word_1_124' title='bbox 645 1579 801 1663; x_wconf 88' lang='lat' dir='ltr'>quaedam</span> <span class='ocrx_word' id='word_1_125' title='bbox 820 1583 853 1644; x_wconf 90' lang='lat' dir='ltr'>et</span> <span class='ocrx_word' id='word_1_126' title='bbox 869 1579 1017 1664; x_wconf 80' lang='lat' dir='ltr'>languor.</span> <span class='ocrx_word' id='word_1_127' title='bbox 1053 1601 1117 1645; x_wconf 87' lang='lat' dir='ltr'>neo</span> <span class='ocrx_word' id='word_1_128' title='bbox 1135 1597 1157 1638; x_wconf 73' lang='lat'>1⁵</span> 
     </span>
     <span class='ocr_line' id='line_1_17' title="bbox 90 1666 1116 1751; baseline 0.001 -19"><span class='ocrx_word' id='word_1_129' title='bbox 90 1667 130 1732; x_wconf 87' lang='lat' dir='ltr'>ad</span> <span class='ocrx_word' id='word_1_130' title='bbox 144 1666 207 1732; x_wconf 93' lang='lat' dir='ltr'>hoc</span> <span class='ocrx_word' id='word_1_131' title='bbox 221 1671 311 1731; x_wconf 89' lang='lat' dir='ltr'>tanta</span> <span class='ocrx_word' id='word_1_132' title='bbox 323 1666 493 1732; x_wconf 90' lang='lat' dir='ltr'>hominum</span> <span class='ocrx_word' id='word_1_133' title='bbox 508 1667 666 1751; x_wconf 88' lang='lat' dir='ltr'>cupiditas</span> <span class='ocrx_word' id='word_1_134' title='bbox 681 1669 836 1751; x_wconf 89' lang='lat' dir='ltr'>tenderet,</span> <span class='ocrx_word' id='word_1_135' title='bbox 852 1667 916 1733; x_wconf 91' lang='lat' dir='ltr'>nisi</span> <span class='ocrx_word' id='word_1_136' title='bbox 929 1669 1116 1734; x_wconf 89' lang='lat' dir='ltr'>naturalem</span> 
     </span>
     <span class='ocr_line' id='line_1_18' title="bbox 91 1755 1116 1841; baseline 0.002 -21"><span class='ocrx_word' id='word_1_137' title='bbox 91 1755 251 1840; x_wconf 86' lang='lat' dir='ltr'>quandam</span> <span class='ocrx_word' id='word_1_138' title='bbox 279 1756 477 1841; x_wconf 84' lang='lat' dir='ltr'>voluptatem</span> <span class='ocrx_word' id='word_1_139' title='bbox 507 1756 640 1822; x_wconf 90' lang='lat' dir='ltr'>haberet</span> <span class='ocrx_word' id='word_1_140' title='bbox 660 1758 752 1823; x_wconf 91' lang='lat' dir='ltr'>lusus</span> <span class='ocrx_word' id='word_1_141' title='bbox 775 1757 943 1841; x_wconf 80' lang='lat' dir='ltr'>locusque3</span> <span class='ocrx_word' id='word_1_142' title='bbox 973 1776 1116 1840; x_wconf 89' lang='lat' dir='ltr'>quorum</span> 
     </span>
     <span class='ocr_line' id='line_1_19' title="bbox 90 1846 1117 1930; baseline 0.003 -21"><span class='ocrx_word' id='word_1_143' title='bbox 90 1846 239 1930; x_wconf 86' lang='lat' dir='ltr'>frequens</span> <span class='ocrx_word' id='word_1_144' title='bbox 276 1867 354 1911; x_wconf 89' lang='lat' dir='ltr'>usus</span> <span class='ocrx_word' id='word_1_145' title='bbox 387 1868 482 1911; x_wconf 89' lang='lat' dir='ltr'>omne</span> <span class='ocrx_word' id='word_1_146' title='bbox 514 1846 629 1911; x_wconf 92' lang='lat' dir='ltr'>animis</span> <span class='ocrx_word' id='word_1_147' title='bbox 661 1846 788 1930; x_wconf 91' lang='lat' dir='ltr'>pondus</span> <span class='ocrx_word' id='word_1_148' title='bbox 821 1867 1014 1930; x_wconf 90' lang='lat' dir='ltr'>omnemque</span> <span class='ocrx_word' id='word_1_149' title='bbox 1046 1846 1117 1912; x_wconf 82' lang='lat' dir='ltr'>vim</span> 
     </span>
     <span class='ocr_line' id='line_1_20' title="bbox 90 1934 1117 2019; baseline 0.002 -19"><span class='ocrx_word' id='word_1_150' title='bbox 90 1935 217 2019; x_wconf 89' lang='lat' dir='ltr'>eripiet:</span> <span class='ocrx_word' id='word_1_151' title='bbox 239 1958 315 2000; x_wconf 92' lang='lat' dir='ltr'>nam</span> <span class='ocrx_word' id='word_1_152' title='bbox 339 1939 371 2000; x_wconf 89' lang='lat' dir='ltr'>et</span> <span class='ocrx_word' id='word_1_153' title='bbox 389 1957 521 2001; x_wconf 92' lang='lat' dir='ltr'>somnus</span> <span class='ocrx_word' id='word_1_154' title='bbox 539 1936 707 2000; x_wconf 89' lang='lat' dir='ltr'>refectioni</span> <span class='ocrx_word' id='word_1_155' title='bbox 724 1935 921 2000; x_wconf 89' lang='lat' dir='ltr'>necessarius</span> <span class='ocrx_word' id='word_1_156' title='bbox 940 1937 1004 2018; x_wconf 90' lang='lat' dir='ltr'>est,</span> <span class='ocrx_word' id='word_1_157' title='bbox 1026 1934 1117 2002; x_wconf 93' lang='lat' dir='ltr'>hunc</span> 
     </span>
     <span class='ocr_line' id='line_1_21' title="bbox 89 2024 1159 2109; baseline -0.005 -20"><span class='ocrx_word' id='word_1_158' title='bbox 89 2029 197 2089; x_wconf 93' lang='lat' dir='ltr'>tamen</span> <span class='ocrx_word' id='word_1_159' title='bbox 229 2026 257 2089; x_wconf 91' lang='lat' dir='ltr'>si</span> <span class='ocrx_word' id='word_1_160' title='bbox 286 2046 345 2109; x_wconf 88' lang='lat' dir='ltr'>per</span> <span class='ocrx_word' id='word_1_161' title='bbox 374 2024 459 2090; x_wconf 90' lang='lat' dir='ltr'>diem</span> <span class='ocrx_word' id='word_1_162' title='bbox 488 2028 680 2108; x_wconf 91' lang='lat' dir='ltr'>noctemque</span> <span class='ocrx_word' id='word_1_163' title='bbox 712 2024 895 2107; x_wconf 89' lang='lat' dir='ltr'>continues,</span> <span class='ocrx_word' id='word_1_164' title='bbox 924 2044 1012 2088; x_wconf 87' lang='lat' dir='ltr'>mors</span> <span class='ocrx_word' id='word_1_165' title='bbox 1044 2025 1116 2090; x_wconf 88' lang='lat' dir='ltr'>erit.</span> <span class='ocrx_word' id='word_1_166' title='bbox 1135 2044 1159 2084; x_wconf 82' lang='lat' dir='ltr'>ro</span> 
     </span>
     <span class='ocr_line' id='line_1_22' title="bbox 56 2112 1117 2199; baseline 0.002 -22"><span class='ocrx_word' id='word_1_167' title='bbox 56 2116 230 2178; x_wconf 76' lang='lat' dir='ltr'>smultum</span> <span class='ocrx_word' id='word_1_168' title='bbox 260 2115 406 2197; x_wconf 85' lang='lat' dir='ltr'>interest,</span> <span class='ocrx_word' id='word_1_169' title='bbox 435 2113 580 2178; x_wconf 89' lang='lat' dir='ltr'>remittas</span> <span class='ocrx_word' id='word_1_170' title='bbox 611 2113 734 2198; x_wconf 87' lang='lat' dir='ltr'>aliquid</span> <span class='ocrx_word' id='word_1_171' title='bbox 764 2136 806 2178; x_wconf 87' lang='lat' dir='ltr'>an</span> <span class='ocrx_word' id='word_1_172' title='bbox 835 2114 949 2179; x_wconf 83' lang='lat' dir='ltr'>solvas.</span> <span class='ocrx_word' id='word_1_173' title='bbox 1002 2112 1117 2199; x_wconf 84' lang='lat' dir='ltr'>legum</span> 
     </span>
     <span class='ocr_line' id='line_1_23' title="bbox 91 2201 1117 2286; baseline 0.002 -19"><span class='ocrx_word' id='word_1_174' title='bbox 91 2203 272 2267; x_wconf 88' lang='lat' dir='ltr'>conditores</span> <span class='ocrx_word' id='word_1_175' title='bbox 302 2203 401 2268; x_wconf 92' lang='lat' dir='ltr'>festos</span> <span class='ocrx_word' id='word_1_176' title='bbox 434 2202 643 2268; x_wconf 86' lang='lat' dir='ltr'>instituerunt</span> <span class='ocrx_word' id='word_1_177' title='bbox 673 2203 755 2286; x_wconf 88' lang='lat' dir='ltr'>dies,</span> <span class='ocrx_word' id='word_1_178' title='bbox 785 2205 822 2267; x_wconf 90' lang='lat' dir='ltr'>ut</span> <span class='ocrx_word' id='word_1_179' title='bbox 849 2202 889 2266; x_wconf 91' lang='lat' dir='ltr'>ad</span> <span class='ocrx_word' id='word_1_180' title='bbox 916 2201 1117 2268; x_wconf 88' lang='lat' dir='ltr'>hilaritatem</span> 
     </span>
     <span class='ocr_line' id='line_1_24' title="bbox 90 2291 1117 2378; baseline 0.003 -24"><span class='ocrx_word' id='word_1_181' title='bbox 90 2291 237 2355; x_wconf 90' lang='lat' dir='ltr'>homines</span> <span class='ocrx_word' id='word_1_182' title='bbox 278 2291 406 2375; x_wconf 90' lang='lat' dir='ltr'>publice</span> <span class='ocrx_word' id='word_1_183' title='bbox 447 2295 650 2378; x_wconf 86' lang='lat' dir='ltr'>cogerentur,</span> <span class='ocrx_word' id='word_1_184' title='bbox 690 2295 856 2375; x_wconf 90' lang='lat' dir='ltr'>tamquam</span> <span class='ocrx_word' id='word_1_185' title='bbox 897 2291 1117 2357; x_wconf 87' lang='lat' dir='ltr'>necessarium</span> 
     </span>
     <span class='ocr_line' id='line_1_25' title="bbox 90 2379 1117 2465; baseline 0.004 -23"><span class='ocrx_word' id='word_1_186' title='bbox 90 2379 255 2444; x_wconf 90' lang='lat' dir='ltr'>laboribus</span> <span class='ocrx_word' id='word_1_187' title='bbox 278 2381 517 2465; x_wconf 88' lang='lat' dir='ltr'>interponentes</span> <span class='ocrx_word' id='word_1_188' title='bbox 540 2384 843 2465; x_wconf 68' lang='lat' dir='ltr'>temperamentum</span> <span class='ocrx_word' id='word_1_189' title='bbox 870 2385 903 2445; x_wconf 90' lang='lat' dir='ltr'>et</span> <span class='ocrx_word' id='word_1_190' title='bbox 924 2381 1051 2465; x_wconf 82' lang='lat' dir='ltr'>magni,</span> <span class='ocrx_word' id='word_1_191' title='bbox 1077 2385 1117 2446; x_wconf 90' lang='lat' dir='ltr'>ut</span> 
     </span>
     <span class='ocr_line' id='line_1_26' title="bbox 91 2468 1160 2553; baseline -0.003 -22"><span class='ocrx_word' id='word_1_192' title='bbox 91 2468 172 2550; x_wconf 85' lang='lat' dir='ltr'>dixi,</span> <span class='ocrx_word' id='word_1_193' title='bbox 203 2468 265 2533; x_wconf 85' lang='lat' dir='ltr'>viri</span> <span class='ocrx_word' id='word_1_194' title='bbox 288 2470 418 2553; x_wconf 92' lang='lat' dir='ltr'>quidam</span> <span class='ocrx_word' id='word_1_195' title='bbox 451 2469 513 2534; x_wconf 92' lang='lat' dir='ltr'>sibi</span> <span class='ocrx_word' id='word_1_196' title='bbox 545 2474 724 2535; x_wconf 90' lang='lat' dir='ltr'>menstruas</span> <span class='ocrx_word' id='word_1_197' title='bbox 757 2470 852 2535; x_wconf 90' lang='lat' dir='ltr'>certis</span> <span class='ocrx_word' id='word_1_198' title='bbox 880 2469 993 2534; x_wconf 89' lang='lat' dir='ltr'>diebus</span> <span class='ocrx_word' id='word_1_199' title='bbox 1017 2470 1116 2535; x_wconf 89' lang='lat' dir='ltr'>ferias</span> <span class='ocrx_word' id='word_1_200' title='bbox 1135 2489 1160 2529; x_wconf 80' lang='lat' dir='ltr'>ss</span> 
     </span>
     <span class='ocr_line' id='line_1_27' title="bbox 92 2556 1116 2641; baseline 0.004 -21"><span class='ocrx_word' id='word_1_201' title='bbox 92 2556 225 2640; x_wconf 90' lang='lat' dir='ltr'>dabant,</span> <span class='ocrx_word' id='word_1_202' title='bbox 248 2558 378 2641; x_wconf 91' lang='lat' dir='ltr'>quidam</span> <span class='ocrx_word' id='word_1_203' title='bbox 401 2560 528 2623; x_wconf 91' lang='lat' dir='ltr'>nullum</span> <span class='ocrx_word' id='word_1_204' title='bbox 550 2581 617 2624; x_wconf 94' lang='lat' dir='ltr'>non</span> <span class='ocrx_word' id='word_1_205' title='bbox 641 2559 726 2624; x_wconf 89' lang='lat' dir='ltr'>diem</span> <span class='ocrx_word' id='word_1_206' title='bbox 744 2558 829 2623; x_wconf 70' lang='lat' dir='ltr'>intm</span> <span class='ocrx_word' id='word_1_207' title='bbox 847 2557 950 2623; x_wconf 93' lang='lat' dir='ltr'>otium</span> <span class='ocrx_word' id='word_1_208' title='bbox 968 2561 1001 2623; x_wconf 89' lang='lat' dir='ltr'>et</span> <span class='ocrx_word' id='word_1_209' title='bbox 1020 2580 1116 2624; x_wconf 91' lang='lat' dir='ltr'>curas</span> 
     </span>
     <span class='ocr_line' id='line_1_28' title="bbox 92 2645 1117 2733; baseline 0.003 -24"><span class='ocrx_word' id='word_1_210' title='bbox 92 2645 290 2710; x_wconf 85' lang='lat' dir='ltr'>dividebant:</span> <span class='ocrx_word' id='word_1_211' title='bbox 313 2648 440 2729; x_wconf 90' lang='lat' dir='ltr'>qualem</span> <span class='ocrx_word' id='word_1_212' title='bbox 463 2647 644 2713; x_wconf 89' lang='lat' dir='ltr'>Pollionem</span> <span class='ocrx_word' id='word_1_213' title='bbox 667 2646 817 2712; x_wconf 85' lang='lat' dir='ltr'>Asinium</span> <span class='ocrx_word' id='word_1_214' title='bbox 841 2650 1000 2712; x_wconf 88' lang='lat' dir='ltr'>oratorem</span> <span class='ocrx_word' id='word_1_215' title='bbox 1024 2670 1117 2733; x_wconf 85' lang='lat' dir='ltr'>mag-</span> 
     </span>
     <span class='ocr_line' id='line_1_29' title="bbox 91 2735 1116 2821; baseline 0.001 -22"><span class='ocrx_word' id='word_1_216' title='bbox 91 2757 171 2800; x_wconf 90' lang='lat' dir='ltr'>num</span> <span class='ocrx_word' id='word_1_217' title='bbox 193 2735 410 2819; x_wconf 90' lang='lat' dir='ltr'>meminimus,</span> <span class='ocrx_word' id='word_1_218' title='bbox 435 2758 530 2821; x_wconf 91' lang='lat' dir='ltr'>quem</span> <span class='ocrx_word' id='word_1_219' title='bbox 553 2738 644 2801; x_wconf 88' lang='lat' dir='ltr'>nulla</span> <span class='ocrx_word' id='word_1_220' title='bbox 665 2759 716 2803; x_wconf 88' lang='lat' dir='ltr'>res</span> <span class='ocrx_word' id='word_1_221' title='bbox 739 2738 825 2801; x_wconf 90' lang='lat' dir='ltr'>ultra</span> <span class='ocrx_word' id='word_1_222' title='bbox 849 2736 1016 2802; x_wconf 91' lang='lat' dir='ltr'>decumam</span> <span class='ocrx_word' id='word_1_223' title='bbox 1035 2736 1116 2802; x_wconf 91' lang='lat' dir='ltr'>deti-</span> 
     </span>
     <span class='ocr_line' id='line_1_30' title="bbox 91 2825 1130 2911; baseline 0.002 -22"><span class='ocrx_word' id='word_1_224' title='bbox 91 2825 177 2909; x_wconf 81' lang='lat' dir='ltr'>nuit3</span> <span class='ocrx_word' id='word_1_225' title='bbox 208 2847 249 2888; x_wconf 90' lang='lat' dir='ltr'>ne</span> <span class='ocrx_word' id='word_1_226' title='bbox 279 2825 433 2908; x_wconf 89' lang='lat' dir='ltr'>epistulas</span> <span class='ocrx_word' id='word_1_227' title='bbox 467 2826 596 2910; x_wconf 90' lang='lat' dir='ltr'>quidem</span> <span class='ocrx_word' id='word_1_228' title='bbox 626 2830 702 2910; x_wconf 90' lang='lat' dir='ltr'>post</span> <span class='ocrx_word' id='word_1_229' title='bbox 734 2848 805 2891; x_wconf 91' lang='lat' dir='ltr'>eam</span> <span class='ocrx_word' id='word_1_230' title='bbox 832 2825 946 2891; x_wconf 92' lang='lat' dir='ltr'>horam</span> <span class='ocrx_word' id='word_1_231' title='bbox 975 2826 1130 2911; x_wconf 78' lang='lat' dir='ltr'>legebat,</span> 
     </span>
     <span class='ocr_line' id='line_1_31' title="bbox 90 2913 1160 2998; baseline -0.005 -20"><span class='ocrx_word' id='word_1_232' title='bbox 90 2937 132 2979; x_wconf 89' lang='lat' dir='ltr'>ne</span> <span class='ocrx_word' id='word_1_233' title='bbox 155 2913 232 2998; x_wconf 92' lang='lat' dir='ltr'>quid</span> <span class='ocrx_word' id='word_1_234' title='bbox 254 2936 356 2979; x_wconf 82' lang='lat' dir='ltr'>novae</span> <span class='ocrx_word' id='word_1_235' title='bbox 379 2936 473 2980; x_wconf 89' lang='lat' dir='ltr'>curae</span> <span class='ocrx_word' id='word_1_236' title='bbox 492 2919 688 2980; x_wconf 85' lang='lat' dir='ltr'>nasceretur:</span> <span class='ocrx_word' id='word_1_237' title='bbox 712 2916 767 2981; x_wconf 93' lang='lat' dir='ltr'>sed</span> <span class='ocrx_word' id='word_1_238' title='bbox 785 2915 886 2980; x_wconf 90' lang='lat' dir='ltr'>totius</span> <span class='ocrx_word' id='word_1_239' title='bbox 905 2913 967 2979; x_wconf 88' lang='lat' dir='ltr'>diei</span> <span class='ocrx_word' id='word_1_240' title='bbox 985 2914 1116 2980; x_wconf 90' lang='lat' dir='ltr'>lassitu·</span> <span class='ocrx_word' id='word_1_241' title='bbox 1135 2935 1160 2974; x_wconf 83' lang='lat' dir='ltr'>ao</span> 
     </span>
    </p>
   </div>
   <div class='ocr_carea' id='block_1_3' title="bbox 87 3124 1117 3630">
    <p class='ocr_par' dir='ltr' id='par_1_3' title="bbox 87 3124 1117 3630">
     <span class='ocr_line' id='line_1_32' title="bbox 181 3124 1117 3199; baseline 0.003 -20"><span class='ocrx_word' id='word_1_242' title='bbox 181 3124 199 3179; x_wconf 82' lang='lat'>4</span> <span class='ocrx_word' id='word_1_243' title='bbox 217 3124 348 3179; x_wconf 90' lang='lat' dir='ltr'>movebat</span> <span class='ocrx_word' id='word_1_244' title='bbox 361 3137 378 3178; x_wconf 87' lang='lat' dir='ltr'>s</span> <span class='ocrx_word' id='word_1_245' title='bbox 393 3126 425 3179; x_wconf 79' lang='lat' dir='ltr'>ia</span> <span class='ocrx_word' id='word_1_246' title='bbox 440 3142 526 3195; x_wconf 66' lang='lat' dir='ltr'>oraru.</span> <span class='ocrx_word' id='word_1_247' title='bbox 541 3124 631 3178; x_wconf 76' lang='lat' dir='ltr'>mou&amp;</span> <span class='ocrx_word' id='word_1_248' title='bbox 644 3127 673 3181; x_wconf 97' lang='lat' dir='ltr'><strong><em>A</em></strong></span> <span class='ocrx_word' id='word_1_249' title='bbox 690 3125 700 3198; x_wconf 66' lang='lat' dir='ltr'>ll</span> <span class='ocrx_word' id='word_1_250' title='bbox 718 3125 753 3179; x_wconf 90' lang='lat'>10</span> <span class='ocrx_word' id='word_1_251' title='bbox 771 3124 915 3198; x_wconf 72' lang='lat' dir='ltr'>requietis]</span> <span class='ocrx_word' id='word_1_252' title='bbox 929 3127 1009 3195; x_wconf 76' lang='lat' dir='ltr'>(eran</span> <span class='ocrx_word' id='word_1_253' title='bbox 1024 3127 1048 3196; x_wconf 89' lang='lat' dir='ltr'>s)</span> <span class='ocrx_word' id='word_1_254' title='bbox 1064 3125 1093 3182; x_wconf 90' lang='lat' dir='ltr'><strong><em>A</em></strong></span> <span class='ocrx_word' id='word_1_255' title='bbox 1106 3125 1117 3199; x_wconf 82' lang='grc' dir='ltr'>ΙΙ</span> 
     </span>
     <span class='ocr_line' id='line_1_33' title="bbox 92 3195 1116 3270; baseline -0.001 -19"><span class='ocrx_word' id='word_1_256' title='bbox 92 3196 128 3251; x_wconf 81' lang='grc'>14</span> <span class='ocrx_word' id='word_1_257' title='bbox 141 3197 252 3251; x_wconf 90' lang='lat' dir='ltr'>remissi</span> <span class='ocrx_word' id='word_1_258' title='bbox 265 3209 282 3250; x_wconf 84' lang='lat' dir='ltr'>s</span> <span class='ocrx_word' id='word_1_259' title='bbox 296 3196 391 3250; x_wconf 90' lang='lat' dir='ltr'>emissi</span> <span class='ocrx_word' id='word_1_260' title='bbox 404 3197 432 3250; x_wconf 92' lang='lat' dir='ltr'><strong><em>A</em></strong></span> <span class='ocrx_word' id='word_1_261' title='bbox 445 3195 455 3268; x_wconf 67' lang='lat' dir='ltr'>lt</span> <span class='ocrx_word' id='word_1_262' title='bbox 469 3196 504 3250; x_wconf 74' lang='lat'>15</span> <span class='ocrx_word' id='word_1_263' title='bbox 518 3195 645 3250; x_wconf 91' lang='lat' dir='ltr'>laborum</span> <span class='ocrx_word' id='word_1_264' title='bbox 660 3199 692 3251; x_wconf 79' lang='lat' dir='ltr'>ia</span> <span class='ocrx_word' id='word_1_265' title='bbox 706 3213 791 3266; x_wconf 76' lang='lat' dir='ltr'>murp.</span> <span class='ocrx_word' id='word_1_266' title='bbox 806 3197 871 3251; x_wconf 86' lang='lat' dir='ltr'>add.</span> <span class='ocrx_word' id='word_1_267' title='bbox 886 3195 929 3251; x_wconf 80' lang='lat' dir='ltr'>A·</span> <span class='ocrx_word' id='word_1_268' title='bbox 940 3195 951 3270; x_wconf 71' lang='grc' dir='ltr'><strong>Η</strong></span> <span class='ocrx_word' id='word_1_269' title='bbox 969 3196 1004 3250; x_wconf 87' lang='grc'>18</span> <span class='ocrx_word' id='word_1_270' title='bbox 1019 3201 1116 3251; x_wconf 77' lang='lat' dir='ltr'>omne-</span> 
     </span>
     <span class='ocr_line' id='line_1_34' title="bbox 92 3267 1116 3354; baseline 0.003 -33"><span class='ocrx_word' id='word_1_271' title='bbox 92 3285 147 3336; x_wconf 89' lang='lat' dir='ltr'>que</span> <span class='ocrx_word' id='word_1_272' title='bbox 161 3270 189 3322; x_wconf 91' lang='lat' dir='ltr'><strong><em>A</em></strong></span> <span class='ocrx_word' id='word_1_273' title='bbox 207 3269 254 3350; x_wconf 78' lang='lat' dir='ltr'>sed</span> <span class='ocrx_word' id='word_1_274' title='bbox 271 3268 408 3338; x_wconf 76' lang='lat' dir='ltr'>cirpolam</span> <span class='ocrx_word' id='word_1_275' title='bbox 426 3268 489 3321; x_wconf 84' lang='lat' dir='ltr'>odd.</span> <span class='ocrx_word' id='word_1_276' title='bbox 505 3285 539 3322; x_wconf 83' lang='lat' dir='ltr'>m.</span> <span class='ocrx_word' id='word_1_277' title='bbox 554 3285 606 3322; x_wconf 83' lang='lat' dir='ltr'>rec.</span> <span class='ocrx_word' id='word_1_278' title='bbox 629 3267 639 3339; x_wconf 68' lang='lat' dir='ltr'>ll</span> <span class='ocrx_word' id='word_1_279' title='bbox 661 3268 698 3352; x_wconf 73' lang='lat' dir='ltr'>Ed</span> <span class='ocrx_word' id='word_1_280' title='bbox 716 3268 740 3352; x_wconf 77' lang='lat' dir='ltr'>si</span> <span class='ocrx_word' id='word_1_281' title='bbox 758 3285 810 3336; x_wconf 89' lang='lat' dir='ltr'>per</span> <span class='ocrx_word' id='word_1_282' title='bbox 827 3270 894 3337; x_wconf 73' lang='lat' dir='ltr'>colp.</span> <span class='ocrx_word' id='word_1_283' title='bbox 918 3270 1116 3354; x_wconf 61' lang='lat' dir='ltr'>⁸⁰mPlr.⁸i.A</span> 
     </span>
     <span class='ocr_line' id='line_1_35' title="bbox 434 3338 1117 3484; baseline 0.003 -18.999"><span class='ocrx_word' id='word_1_284' title='bbox 228 3338 538 3465; x_wconf 71' lang='lat' dir='ltr'>l</span> <span class='ocrx_word' id='word_1_285' title='bbox 949 3355 1117 3484; x_wconf 70' lang='lat' dir='ltr'>aaa</span> 
     </span>
     <span class='ocr_line' id='line_1_36' title="bbox 92 3480 1117 3551; baseline 0.004 -17"><span class='ocrx_word' id='word_1_286' title='bbox 92 3480 126 3535; x_wconf 75' lang='lat'>27</span> <span class='ocrx_word' id='word_1_287' title='bbox 146 3483 228 3536; x_wconf 81' lang='lat' dir='ltr'>cerba</span> <span class='ocrx_word' id='word_1_288' title='bbox 251 3484 390 3535; x_wconf 89' lang='lat' dir='ltr'>oratorem</span> <span class='ocrx_word' id='word_1_289' title='bbox 413 3497 547 3551; x_wconf 87' lang='lat' dir='ltr'>magnum</span> <span class='ocrx_word' id='word_1_290' title='bbox 570 3483 681 3536; x_wconf 77' lang='lat' dir='ltr'>seclusit</span> <span class='ocrx_word' id='word_1_291' title='bbox 699 3483 809 3549; x_wconf 77' lang='lat' dir='ltr'>Haase,</span> <span class='ocrx_word' id='word_1_292' title='bbox 827 3483 875 3536; x_wconf 84' lang='lat' dir='ltr'>scd</span> <span class='ocrx_word' id='word_1_293' title='bbox 892 3482 943 3549; x_wconf 77' lang='lat' dir='ltr'>cfr.</span> <span class='ocrx_word' id='word_1_294' title='bbox 959 3482 1066 3538; x_wconf 76' lang='lat' dir='ltr'>Vahlen</span> <span class='ocrx_word' id='word_1_295' title='bbox 1084 3485 1117 3538; x_wconf 76' lang='lat' dir='ltr'>ia</span> 
     </span>
     <span class='ocr_line' id='line_1_37' title="bbox 87 3552 995 3630; baseline 0 -25"><span class='ocrx_word' id='word_1_296' title='bbox 87 3552 144 3605; x_wconf 73' lang='lat' dir='ltr'>md.</span> <span class='ocrx_word' id='word_1_297' title='bbox 161 3554 218 3608; x_wconf 83' lang='lat' dir='ltr'>leet.</span> <span class='ocrx_word' id='word_1_298' title='bbox 234 3554 330 3610; x_wconf 77' lang='lat' dir='ltr'>Berol.</span> <span class='ocrx_word' id='word_1_299' title='bbox 346 3557 419 3612; x_wconf 86' lang='grc'><em>1878</em></span> <span class='ocrx_word' id='word_1_300' title='bbox 434 3570 463 3626; x_wconf 86' lang='lat' dir='ltr'>p.</span> <span class='ocrx_word' id='word_1_301' title='bbox 479 3558 497 3610; x_wconf 87' lang='grc'><em>8</em></span> <span class='ocrx_word' id='word_1_302' title='bbox 513 3553 527 3630; x_wconf 68' lang='lat' dir='ltr'>ll</span> <span class='ocrx_word' id='word_1_303' title='bbox 541 3552 579 3610; x_wconf 69' lang='lat'>‘28</span> <span class='ocrx_word' id='word_1_304' title='bbox 598 3552 723 3608; x_wconf 83' lang='lat' dir='ltr'>detinuit</span> <span class='ocrx_word' id='word_1_305' title='bbox 735 3553 818 3608; x_wconf 68' lang='lat' dir='ltr'>Ger-ta</span> <span class='ocrx_word' id='word_1_306' title='bbox 834 3552 954 3606; x_wconf 82' lang='lat' dir='ltr'>retinuit</span> <span class='ocrx_word' id='word_1_307' title='bbox 967 3553 995 3606; x_wconf 90' lang='lat' dir='ltr'><strong><em>A</em></strong></span> 
     </span>
    </p>
   </div>
   <div class='ocr_carea' id='block_1_4' title="bbox 0 0 1212 3840">
    <p class='ocr_par' dir='ltr' id='par_1_4' title="bbox 0 0 1212 3840">
     <span class='ocr_line' id='line_1_38' title="bbox 0 0 1212 3840; baseline 0 0"><span class='ocrx_word' id='word_1_308' title='bbox 0 0 1212 3840; x_wconf 95' lang='lat' dir='ltr'> </span> 
     </span>
    </p>
   </div>
  </div>
 </body>
</html>
