2400 3840
240 214 291 268 AD
310 212 482 268 MARGIAM
499 212 548 266 DE
568 211 845 268 CONSOLATIONE
866 211 942 267 OAP.
958 218 993 267 24
1063 215 1127 281 189

107 359 213 424 nentis
244 359 334 424 exitii
355 359 456 424 nimia
478 358 647 423 maturitas
671 361 733 441 est3
760 358 882 442 adpetit
904 358 978 423 finis
1001 358 1058 422 ubi
1080 358 1128 422 in·

108 451 269 514 crementa
291 452 484 532 consumpta
506 450 590 512 sunt.

196 535 314 602 XXIV.
350 535 460 621 Incipe
490 535 663 600 virtutibus
691 535 799 619 illum,
827 558 894 601 non
916 537 1008 601 annis
1036 535 1162 602 acuti-1

107 648 208 691 mare:
238 625 315 691 satis
343 626 398 690 diu
425 625 515 690 vixit.
566 625 710 710 pupillus
737 624 868 690 relictus
896 626 955 690 sub
982 628 1128 690 tutorum

76 736 185 781 scura
220 736 322 798 usque
355 715 395 780 ad
428 718 578 798 quartum
611 712 770 779 decimum
802 736 922 778 annum
954 714 1032 798 fuit,
1068 715 1128 780 sub

107 803 219 868 matris
239 804 342 868 tutela
360 825 493 888 semper.
531 824 605 869 cum
623 802 755 868 haberet
773 823 848 867 suos
867 807 1012 887 penates,
1034 804 1129 869 relin-

109 914 206 976 quere
228 896 302 958 tuos
324 893 431 958 noluit
454 891 543 958 etin
565 895 710 956 materno
734 892 959 975 contubernio,
981 913 1056 957 cum
1074 893 1129 957 vix

109 984 277 1065 patemnm
294 981 388 1046 liberi
403 981 523 1065 ferant,
542 980 765 1065 perseveravit.
797 980 982 1046 adulescens
998 984 1129 1064 statura,

107 1070 360 1155 pulchritudine,
382 1074 469 1136 certo
493 1070 637 1154 corporis
660 1071 775 1135 robore
798 1070 910 1135 castris
933 1073 1028 1134 natus
1046 1069 1129 1133 mili-

64 1183 91 1223 ro
107 1159 186 1224 tiam
214 1161 386 1244 recusavit,
412 1183 453 1224 ne
481 1163 554 1225 ate
577 1159 761 1225 discederet.
807 1163 973 1243 computa,
999 1158 1163 1241 Marciaa

109 1271 206 1333 quam
235 1271 307 1314 raro
338 1249 457 1314 liberos
489 1248 619 1314 videant
647 1270 729 1333 quae
758 1249 793 1312 in
820 1248 952 1314 diversis
980 1248 1129 1313 domibus

107 1338 268 1422 habitant3
291 1338 399 1424 cogita
420 1342 471 1403 tot
493 1338 567 1404 illos
590 1339 694 1422 perire
718 1358 819 1403 annos
842 1337 998 1402 matribus
1023 1341 1054 1402 et
1072 1359 1130 1421 per

109 1427 358 1493 sollicitudinem
385 1427 485 1513 exigi,
515 1428 631 1512 quibus
659 1427 744 1492 filios
771 1427 806 1491 in
833 1427 975 1492 exercitu
997 1426 1130 1491 habent:

109 1516 189 1581 scies
217 1517 357 1581 multum
383 1516 526 1600 patuisse
548 1516 612 1582 hoc
634 1521 776 1600 tempus,
803 1538 843 1581 ex
866 1539 930 1600 quo
953 1516 1001 1580 nil
1023 1516 1131 1600 perdi-

65 1626 90 1667 ιε
109 1604 192 1670 disti.
224 1627 402 1688 numquam
416 1605 488 1689 <e>
502 1609 678 1689 conspectu
701 1608 758 1670 tuo
777 1606 921 1689 recessit,
944 1606 1003 1671 snb
1028 1605 1130 1671 oculis

108 1694 174 1757 tuis
211 1693 317 1757 studia
352 1693 505 1759 formavit
540 1693 725 1759 excellentis
756 1694 867 1779 ingeni
898 1699 931 1759 et
963 1694 1131 1777 aequaturi

110 1803 221 1865 avum,
242 1781 306 1845 nisi
329 1781 505 1846 obstitisset
527 1781 732 1866 verecundia,
755 1804 837 1866 quae
860 1783 1036 1848 multorum
1058 1805 1131 1867 pro·

110 1870 213 1935 fectus
246 1870 373 1935 silentio
403 1871 528 1953 pressit.
581 1871 767 1936 adulescens
797 1871 978 1936 rarissimae
1007 1870 1165 1937 formasa

110 1959 145 2023 in
171 1962 238 2022 tam
268 1980 386 2044 magna
413 1959 605 2024 feminarum
627 1961 723 2024 turba
745 1960 831 2025 viros
855 1960 1130 2043 corrumpentium

65 2070 93 2110 ao
109 2048 230 2112 nullius
258 2069 292 2112 se
315 2048 384 2132 spei
406 2048 567 2132 praebuit,
590 2051 718 2114 etcum
742 2049 942 2131 quarundam
965 2069 1067 2131 usque
1091 2047 1130 2112 ad

109 2137 333 2221 temptandum
356 2137 553 2222 pervenisset
575 2137 767 2221 inprobitas,
794 2137 922 2202 erubuit
945 2137 1037 2220 qnasi
1060 2158 1131 2220 pec·

111 2231 227 2310 causet,
255 2227 342 2311 quod
368 2228 540 2311 placuerat.
586 2227 648 2293 hac
675 2227 844 2292 sanctitate
866 2248 993 2291 morum
1017 2225 1132 2310 effecit,

111 2320 147 2380 nt
166 2338 246 2400 puer
264 2316 437 2382 admodum
457 2315 574 2402 dignus
593 2315 771 2382 sacerdotio
790 2315 965 2399 videretur,
987 2318 1132 2380 materna

112 2405 180 2469 sine
202 2405 300 2469 dubio
324 2406 566 2492 suffragatione,
589 2406 644 2472 sed
662 2427 703 2470 ne
721 2410 823 2471 mater
842 2404 971 2489 quidem
989 2405 1053 2470 nisi
1071 2427 1130 2489 pro

67 2515 93 2556 rs
110 2493 196 2558 bono
224 2492 393 2559 candidato
421 2495 583 2560 valuisset.
628 2495 743 2559 harum
771 2494 1042 2578 contemplatione
1069 2494 1166 2566 vir-4

111 2585 218 2646 tutum
247 2582 351 2646 filium
381 2604 456 2668 gere
486 2584 578 2667 quasi
608 2584 693 2648 sinu!
742 2604 829 2649 nunc
858 2584 913 2649 ille
940 2583 1000 2650 tibi
1027 2584 1131 2669 magis

111 2674 220 2754 vacat,
241 2692 328 2736 nuno
349 2671 433 2736 nihil
454 2672 568 2755 habet,
591 2695 655 2756 quo
678 2676 844 2757 avocetur3
870 2695 1048 2756 numquam
1071 2673 1132 2736 tibi

112 2759 335 2844 sollicitudini,
363 2782 541 2844 numquam
568 2762 706 2827 maerori
734 2762 801 2826 erit.
848 2763 935 2846 quod
962 2784 1064 2826 unum
1092 2783 1132 2826 ex

200 2935 217 2989 1
241 2937 296 3001 est3
321 2935 432 3004 adpetit
453 2937 550 2991 Haase
575 2938 605 2990 et
627 2936 739 3005 adpetit
758 2937 787 2991 A
811 2936 822 3008 ll
847 2936 866 2990 2
887 2953 942 3005 pro
965 2936 1132 3003 consumpta

114 3006 196 3061 Gertz
213 3007 294 3062 malit
316 3009 510 3062 consummata
534 3006 545 3080 ll
571 3007 698 3063 dmater
720 3024 777 3062 non
795 3007 838 3063 A¹
858 3024 926 3063 corr.
947 3009 980 3062 ia
1003 3008 1131 3060 materno

111 3095 146 3132 m.
161 3081 237 3132 1-2
254 3078 265 3204 l
281 3078 299 3133 8
313 3078 408 3133 ferunt
420 3085 498 3148 optut
509 3080 571 3134 Job.
583 3079 689 3134 Mdller
701 3078 741 3151 tlt)
756 3081 832 3133 certo
846 3079 983 3134 Scbultess
997 3079 1089 3131 cetero
1103 3077 1132 3131 A

111 3165 175 3204 raro
190 3151 284 3221 Pauy
302 3152 395 3206 cetero
415 3167 437 3207 c.
454 3150 560 3206 honore
581 3150 662 3206 Gertz
686 3150 697 3223 ll
721 3149 756 3204 12
778 3151 823 3205 tot
840 3152 871 3205 ia
888 3167 944 3204 rao.
964 3149 1006 3203 Αὁ
1027 3148 1038 3220 ll
1062 3147 1098 3201 15
1116 3165 1132 3202 o

112 3222 265 3290 conspectu
277 3223 309 3276 F
328 3224 480 3292 conspectu
493 3224 522 3278 A
546 3238 563 3276 a
582 3239 682 3291 consp·
704 3221 807 3348 270po
831 3221 865 3276 17
884 3220 1036 3274 multorum
1053 3220 1081 3273 A
1099 3219 1132 3273 dc

111 3307 165 3360 quo
179 3292 308 3348 dubitant
316 3293 487 3349 Studcocuud
495 3301 522 3350 et
532 3293 614 3350 Gertz
627 3293 774 3348 initiorum
804 3294 934 3358 oboltum
947 3307 1004 3346 nou
1012 3290 1109 3345 accedo
1118 3289 1132 3363 -Η

111 3361 147 3416 22
165 3363 281 3430 11ch
299 3364 309 3436 Η
326 3363 363 3419 24
380 3367 472 3419 mater
484 3366 513 3420 A
530 3367 659 3419 materna
677 3366 780 3420 mavolt
797 3366 830 3419 P.
848 3365 964 3419 lbomas
982 3361 992 3434 ll
1011 3360 1048 3415 26
1065 3377 1132 3430 gere

113 3434 195 3501 quasi
219 3435 250 3488 in
274 3435 345 3489 sinu.
381 3435 463 3490 Nunc
484 3437 616 3508 Modoip,
638 3435 736 3491 sedin
754 3436 844 3491 abesse
862 3451 942 3503 posse
959 3433 1031 3489 cidit
1050 3432 1132 3489 Gertz

113 3503 282 3633 mam
305 3506 330 3560 si
352 3523 444 3634 pprncA
445 3509 481 3635 111a
496 3523 562 3577 gere
581 3507 664 3577 quasi
681 3506 790 3562 ureret
812 3506 889 3562 Ellis
906 3503 986 3576 bau
1008 3503 1155 3554 aunam

236 3593 270 3632 us
287 3593 356 3632 uoce
