2400 3840
193 218 244 272 An
263 217 454 285 ronrsrvn
471 218 521 272 nn
541 215 818 273 consonlrroun
838 217 914 273 cer.
931 224 987 275 aa
1035 222 1100 288 317
1137 178 1138 183 Ν

82 367 224 429 vostrum
242 363 461 429 inhaerentem
480 362 625 429 dolorem
640 362 779 447 dimitte;
796 385 855 430 nec
869 364 1102 519 impiusfflpffi

81 453 129 518 sic
155 453 328 519 desiderari
355 453 448 518 debet
474 475 534 518 nec
560 453 634 536 pius
662 451 708 518 sic
730 453 829 517 velit?
874 454 909 519 in
930 455 984 527 ho,
1015 477 1102 538 vero,

81 543 172 607 cuius
199 546 267 608 tam
294 543 461 626 explorata
487 543 591 626 pietas
619 545 680 626 est,
709 563 768 625 pro
799 546 886 608 certo
916 544 1100 609 habendum

80 636 128 698 est
159 632 243 698 nihil
275 652 343 697 esse
374 631 425 696 illi
455 652 550 716 posse
584 631 742 713 acerbius,
776 651 872 714 quam
905 633 934 696 si
960 632 1021 698 tibi
1046 632 1102 697 hio

49 742 173 786 scasus
205 721 273 786 eius
306 721 438 786 acerbus
470 724 531 803 est,
562 720 590 785 si
621 723 653 784 te
680 720 748 784 ullo
776 720 873 784 modo
901 725 1046 805 torquet,
1073 721 1102 799 si

80 811 191 876 oculos
218 814 307 893 tuos,
333 809 575 895 indignissimos
601 808 666 895 hoc
692 809 793 892 melo,
821 809 889 875 sine
912 810 979 875 ullo
1003 810 1102 875 flendi

79 900 143 964 fine
167 903 199 964 ot
221 900 393 965 conturbat
413 898 499 964 idem
523 902 555 964 st
577 899 732 964 exhaurit.

169 987 327 1053 Pietatem
354 992 464 1053 tamen
485 990 576 1052 tuam
598 987 682 1052 nihil
704 1009 806 1071 aeque
828 1011 847 1052 a
869 988 1011 1053 lacrimis
1034 992 1102 1053 tam
1121 1009 1138 1057 4

79 1077 248 1143 inutilibus
281 1076 431 1162 abducet,
468 1099 566 1162 quam
599 1077 627 1141 si
659 1077 850 1164 cogitaveris
882 1077 1037 1142 fratribus
1070 1081 1102 1142 te

35 1167 144 1232 retnis
178 1168 325 1250 exemplo
360 1188 429 1232 esse
463 1167 579 1232 debere
609 1166 737 1232 fortiter
765 1168 850 1232 hanc
878 1166 1027 1231 fortunae
1056 1166 1103 1231 in·

79 1256 195 1320 iuriam
228 1256 416 1321 sustinendi.
462 1256 550 1341 quod
582 1254 679 1322 duces
712 1256 823 1342 magni
854 1255 978 1322 faciunt
1005 1256 1100 1320 rebus

80 1346 215 1429 affectis,
248 1349 285 1410 ut
315 1345 512 1410 hilaritatem
545 1344 583 1410 de
616 1345 774 1411 industria
806 1344 959 1411 simulent
989 1348 1022 1410 et
1049 1345 1103 1410 ad-

79 1456 186 1500 versas
213 1456 263 1500 res
291 1435 481 1499 adumbrata
507 1434 631 1499 laetitia
658 1434 870 1518 abscondant,
897 1457 937 1499 ne
960 1434 1102 1499 militum

79 1524 193 1606 animi,
220 1523 248 1588 si
275 1524 411 1588 fractam
439 1523 529 1588 ducis
558 1524 608 1588 sui
636 1528 776 1588 mentem
804 1524 955 1608 viderint,
984 1527 1016 1589 et
1038 1523 1102 1607 ipsi

35 1634 61 1675 rs
80 1613 295 1695 collabantur,
317 1611 351 1675 id
372 1633 460 1677 nunc
482 1612 542 1676 tibi
566 1634 695 1697 quoque
717 1613 900 1678 faciendum
920 1617 981 1678 est:
1004 1613 1101 1678 induc
1121 1630 1137 1679 5

80 1700 268 1765 dissimilem
293 1701 400 1765 animo
424 1703 481 1765 tuo
505 1702 633 1765 vultum
657 1705 703 1785 et,
726 1702 754 1766 si
776 1706 884 1786 potes,
905 1703 1016 1785 proice
1035 1724 1102 1766 om·

78 1811 153 1854 nem
177 1812 217 1854 ex
239 1793 309 1853 toto
328 1789 487 1872 dolorem,
510 1788 677 1873 siminus,
699 1790 858 1855 introrsus
877 1791 957 1855 abde
976 1795 1009 1855 et
1027 1812 1102 1855 con·

79 1879 159 1962 tine,
190 1901 232 1943 ne
264 1882 429 1962 appareat,
462 1882 506 1950 et,
525 1879 566 1943 da
598 1901 743 1963 operam,
774 1882 811 1943 ut
843 1879 957 1943 fratres
989 1879 1039 1942 tui
1069 1883 1101 1943 te

79 1967 259 2051 imitentur,
296 1968 353 2052 qui
387 1967 561 2033 honestum
596 1968 771 2052 putabunt,
807 1968 1033 2052 quodcumque
1070 1971 1102 2032 te

34 2079 61 2118 so
78 2056 249 2122 facientem
276 2057 429 2140 viderint,
458 2056 665 2140 animumque
693 2079 733 2121 ex
759 2057 852 2121 vultu
879 2060 936 2121 tuo
965 2059 1100 2121 sument.

80 2149 112 2210 et
144 2146 299 2212 solacium
332 2147 428 2211 debes
461 2166 529 2211 osse
565 2146 696 2211 illorum
733 2150 765 2211 et
800 2147 997 2229 consolator3
1033 2167 1100 2210 non

78 2235 200 2389 ppperis
241 2240 349 2301 autem
384 2234 502 2300 horum
539 2237 676 2300 maerori
713 2236 853 2319 obstare,
895 2235 922 2300 si
942 2238 1015 2300 ‘tuo
1052 2235 1100 2299 in·

136 2346 223 2390 seris.

168 2430 223 2497 VI.
261 2431 343 2517 [25]
366 2431 478 2498 Potest
505 2435 537 2497 et
564 2431 621 2496 illa
647 2452 698 2496 res
721 2454 740 2495 a
761 2431 853 2496 luctu
875 2434 908 2495 te
930 2431 1101 2515 prohibero
1121 2449 1135 2497 1

35 2539 61 2581 as
78 2519 194 2603 nimio,
226 2521 255 2584 si
286 2521 347 2585 tibi
377 2521 446 2605 ipse
478 2521 711 2586 renuntiaveris
741 2519 825 2584 nihil
855 2521 987 2605 horum,
1019 2544 1100 2606 quae

79 2608 172 2691 facis,
194 2630 290 2692 posse
313 2611 456 2675 subduci.
493 2632 644 2696 magnam
663 2609 724 2673 tibi
741 2630 912 2693 personam
930 2610 1100 2675 hominum

80 2718 254 2763 consensus
281 2698 451 2782 imposuit:
480 2698 560 2764 haec
586 2698 647 2762 tibi
669 2698 789 2763 tuenda
811 2702 867 2763 est.
914 2699 1101 2764 circumstat

79 2791 111 2852 te
142 2787 247 2851 omnis
274 2786 337 2851 ista
364 2787 601 2853 consolantium
628 2788 808 2870 frequentia
836 2792 867 2852 et
894 2788 930 2853 in
957 2788 1100 2852 animum

78 2881 172 2941 tuum
204 2875 340 2960 inquirit
372 2898 409 2942 ac
440 2876 594 2961 perspicit
625 2880 781 2960 quantum
813 2877 937 2942 roboris
965 2877 1020 2942 ille
1048 2877 1101 2940 ad·

35 2987 62 3027 so
79 2986 190 3031 versus
222 2964 366 3030 dolorem
398 2967 515 3031 habeat
546 2969 578 3031 et
610 2969 760 3031 utrumne
787 2969 824 3031 tu
851 2969 979 3031 tantum
1006 2966 1100 3031 rebus

169 3158 185 3213 1
209 3158 384 3214 inherentem
410 3159 433 3214 0
459 3160 508 3214 eia
531 3176 631 3214 sunan
655 3160 833 3215 indecentem
852 3159 911 3228 ·(‘se'
935 3159 1013 3212 nodo
1038 3174 1099 3212 con·

79 3231 199 3298 ceditur,
221 3247 301 3300 posse
323 3232 356 3286 in
378 3248 409 3286 eo
431 3232 513 3285 etiam
535 3231 607 3286 hunc
625 3233 754 3287 leniorem
771 3231 1004 3300 reprehensionem
1022 3230 1100 3299 esse’)

80 3302 215 3357 Schultess
241 3303 341 3372 utique
365 3318 469 3355 vanum
492 3302 686 3357 inhaerentem
706 3303 806 3357 Mueck
829 3301 840 3371 lt
864 3301 882 3356 8
903 3317 920 3354 a
938 3317 988 3356 on.
1008 3302 1098 3371 BHt

79 3373 139 3426 tam
154 3375 310 3429 Pincianus
328 3375 386 3428 iam
403 3374 426 3429 0
442 3373 452 3446 lt
469 3374 488 3428 9
501 3373 624 3428 abducet
637 3375 673 3429 H
688 3373 811 3428 adducet
826 3372 870 3445 Oli
886 3372 921 3427 16
935 3371 1100 3426 dissimilem

80 3444 174 3498 animo
192 3447 242 3499 tuo
256 3447 328 3500 ΒΗ
341 3448 374 3501 e'n
387 3448 415 3499 B
434 3446 528 3499 animo
544 3447 576 3500 in
592 3446 832 3516 marcadantes
844 3461 931 3498 mann
948 3443 958 3516 ll
976 3443 1010 3498 17
1026 3442 1099 3498 abde

79 3516 108 3569 B
127 3514 268 3571 absconde
288 3517 342 3572 OG
365 3514 375 3589 tl
399 3516 434 3570 25
452 3517 552 3572 horum
574 3517 596 3572 O
621 3532 719 3571 eorum
738 3517 764 3572 V
783 3515 859 3584 Μὰ
876 3529 1043 3582 uersuum
1052 3511 1113 3559 YN

76 3588 188 3655 partem
209 3587 264 3643 OG
278 3587 291 3661 Η
307 3587 344 3643 29
360 3588 503 3661 perspicit
521 3589 544 3648 O
566 3588 716 3660 prospicit
728 3587 794 3644 HV
