<?xml version="1.0" encoding="UTF-8"?>
<!DOCTYPE html PUBLIC "-//W3C//DTD XHTML 1.0 Transitional//EN"
    "http://www.w3.org/TR/xhtml1/DTD/xhtml1-transitional.dtd">
<html xmlns="http://www.w3.org/1999/xhtml" xml:lang="en" lang="en">
 <head>
  <title>
</title>
<meta http-equiv="Content-Type" content="text/html;charset=utf-8" />
  <meta name='ocr-system' content='tesseract 3.04.00' />
  <meta name='ocr-capabilities' content='ocr_page ocr_carea ocr_par ocr_line ocrx_word'/>
</head>
<body>
  <div class='ocr_page' id='page_1' title='image "./dialogorumlibro00senegoog_0155.png"; bbox 0 0 2400 3840; ppageno 0'>
   <div class='ocr_carea' id='block_1_1' title="bbox 101 191 913 262">
    <p class='ocr_par' dir='ltr' id='par_1_1' title="bbox 101 191 913 262">
     <span class='ocr_line' id='line_1_1' title="bbox 101 191 913 262; baseline -0.002 -12"><span class='ocrx_word' id='word_1_1' title='bbox 101 195 166 262; x_wconf 83' lang='lat'><strong>130</strong></span> <span class='ocrx_word' id='word_1_2' title='bbox 299 192 329 247; x_wconf 79' lang='lat' dir='ltr'><strong>L.</strong></span> <span class='ocrx_word' id='word_1_3' title='bbox 344 191 487 246; x_wconf 80' lang='lat' dir='ltr'><strong>ANNAEI</strong></span> <span class='ocrx_word' id='word_1_4' title='bbox 504 191 669 248; x_wconf 79' lang='lat' dir='ltr'>SENECAE</span> <span class='ocrx_word' id='word_1_5' title='bbox 687 193 782 249; x_wconf 81' lang='lat' dir='ltr'><strong><em>DIAL.</em></strong></span> <span class='ocrx_word' id='word_1_6' title='bbox 796 192 864 249; x_wconf 85' lang='lat' dir='ltr'>LIB.</span> <span class='ocrx_word' id='word_1_7' title='bbox 879 192 913 248; x_wconf 83' lang='lat' dir='ltr'><strong>V.</strong></span> 
     </span>
    </p>
   </div>
   <div class='ocr_carea' id='block_1_2' title="bbox 63 337 1162 2473">
    <p class='ocr_par' dir='ltr' id='par_1_2' title="bbox 63 337 1159 1134">
     <span class='ocr_line' id='line_1_2' title="bbox 63 337 1117 425; baseline -0.004 -18"><span class='ocrx_word' id='word_1_8' title='bbox 63 358 183 407; x_wconf 76' lang='lat' dir='ltr'><strong>cnoro</strong></span> <span class='ocrx_word' id='word_1_9' title='bbox 206 360 321 425; x_wconf 83' lang='lat' dir='ltr'><strong>genere</strong></span> <span class='ocrx_word' id='word_1_10' title='bbox 343 359 465 423; x_wconf 90' lang='lat' dir='ltr'><strong>poenae</strong></span> <span class='ocrx_word' id='word_1_11' title='bbox 487 337 662 403; x_wconf 88' lang='lat' dir='ltr'><strong>delectatus</strong></span> <span class='ocrx_word' id='word_1_12' title='bbox 691 342 747 404; x_wconf 88' lang='lat' dir='ltr'><strong>est.</strong></span> <span class='ocrx_word' id='word_1_13' title='bbox 792 339 856 403; x_wconf 90' lang='lat' dir='ltr'><strong>tale</strong></span> <span class='ocrx_word' id='word_1_14' title='bbox 884 339 1007 423; x_wconf 88' lang='lat' dir='ltr'><strong>aliquid</strong></span> <span class='ocrx_word' id='word_1_15' title='bbox 1029 340 1117 422; x_wconf 87' lang='lat' dir='ltr'><strong>passi</strong></span> 
     </span>
     <span class='ocr_line' id='line_1_3' title="bbox 98 425 1117 514; baseline 0 -21"><span class='ocrx_word' id='word_1_16' title='bbox 98 429 205 494; x_wconf 88' lang='lat' dir='ltr'><strong>forent</strong></span> <span class='ocrx_word' id='word_1_17' title='bbox 223 431 257 493; x_wconf 90' lang='lat' dir='ltr'><strong>ct</strong></span> <span class='ocrx_word' id='word_1_18' title='bbox 273 425 465 512; x_wconf 83' lang='lat' dir='ltr'><strong>Aethiopes,</strong></span> <span class='ocrx_word' id='word_1_19' title='bbox 487 428 544 512; x_wconf 90' lang='lat' dir='ltr'><strong>qui</strong></span> <span class='ocrx_word' id='word_1_20' title='bbox 567 428 608 493; x_wconf 93' lang='lat' dir='ltr'><strong>ob</strong></span> <span class='ocrx_word' id='word_1_21' title='bbox 626 427 853 514; x_wconf 82' lang='lat' dir='ltr'><strong>longissimum</strong></span> <span class='ocrx_word' id='word_1_22' title='bbox 871 428 956 492; x_wconf 88' lang='lat' dir='ltr'><strong>vitae</strong></span> <span class='ocrx_word' id='word_1_23' title='bbox 975 427 1117 512; x_wconf 86' lang='lat' dir='ltr'><strong>spatium</strong></span> 
     </span>
     <span class='ocr_line' id='line_1_4' title="bbox 98 516 1116 602; baseline -0.001 -19"><span class='ocrx_word' id='word_1_24' title='bbox 98 516 281 583; x_wconf 79' lang='lat' dir='ltr'>Macrobioe</span> <span class='ocrx_word' id='word_1_25' title='bbox 304 517 519 600; x_wconf 89' lang='lat' dir='ltr'><strong>appellantur;</strong></span> <span class='ocrx_word' id='word_1_26' title='bbox 540 516 576 580; x_wconf 89' lang='lat' dir='ltr'><strong>in</strong></span> <span class='ocrx_word' id='word_1_27' title='bbox 597 516 658 581; x_wconf 90' lang='lat' dir='ltr'><strong>hos</strong></span> <span class='ocrx_word' id='word_1_28' title='bbox 681 517 781 600; x_wconf 85' lang='lat' dir='ltr'><strong>cuim,</strong></span> <span class='ocrx_word' id='word_1_29' title='bbox 804 517 881 601; x_wconf 86' lang='lat' dir='ltr'><strong>quia</strong></span> <span class='ocrx_word' id='word_1_30' title='bbox 902 539 969 582; x_wconf 96' lang='lat' dir='ltr'><strong>non</strong></span> <span class='ocrx_word' id='word_1_31' title='bbox 992 518 1116 602; x_wconf 83' lang='lat' dir='ltr'>supinis</span> 
     </span>
     <span class='ocr_line' id='line_1_5' title="bbox 98 605 1119 692; baseline -0.001 -20"><span class='ocrx_word' id='word_1_32' title='bbox 98 607 246 672; x_wconf 87' lang='lat' dir='ltr'><strong>manibus</strong></span> <span class='ocrx_word' id='word_1_33' title='bbox 265 607 455 691; x_wconf 73' lang='lat' dir='ltr'><strong>exceperant</strong></span> <span class='ocrx_word' id='word_1_34' title='bbox 477 605 663 672; x_wconf 84' lang='lat' dir='ltr'><strong>servitutem</strong></span> <span class='ocrx_word' id='word_1_35' title='bbox 687 607 856 689; x_wconf 83' lang='lat' dir='ltr'><strong>missisque</strong></span> <span class='ocrx_word' id='word_1_36' title='bbox 877 606 994 692; x_wconf 84' lang='lat' dir='ltr'><strong>legatis</strong></span> <span class='ocrx_word' id='word_1_37' title='bbox 1015 607 1119 672; x_wconf 86' lang='lat' dir='ltr'><strong>libera</strong></span> 
     </span>
     <span class='ocr_line' id='line_1_6' title="bbox 98 694 1159 781; baseline -0.006 -20"><span class='ocrx_word' id='word_1_38' title='bbox 98 717 252 780; x_wconf 90' lang='lat' dir='ltr'><strong>responsa</strong></span> <span class='ocrx_word' id='word_1_39' title='bbox 281 695 446 777; x_wconf 91' lang='lat' dir='ltr'><strong>dederant,</strong></span> <span class='ocrx_word' id='word_1_40' title='bbox 484 716 565 778; x_wconf 89' lang='lat' dir='ltr'><strong>quae</strong></span> <span class='ocrx_word' id='word_1_41' title='bbox 597 694 830 761; x_wconf 78' lang='lat' dir='ltr'><strong>contumeliosa</strong></span> <span class='ocrx_word' id='word_1_42' title='bbox 867 716 958 781; x_wconf 83' lang='lat' dir='ltr'><strong>reges</strong></span> <span class='ocrx_word' id='word_1_43' title='bbox 990 698 1118 779; x_wconf 83' lang='lat' dir='ltr'><strong>vocant,</strong></span> <span class='ocrx_word' id='word_1_44' title='bbox 1148 714 1159 755; x_wconf 75' lang='lat' dir='ltr'><strong>s</strong></span> 
     </span>
     <span class='ocr_line' id='line_1_7' title="bbox 99 783 1118 869; baseline -0.001 -19"><span class='ocrx_word' id='word_1_45' title='bbox 99 783 272 868; x_wconf 79' lang='lat' dir='ltr'><strong>Cambyses</strong></span> <span class='ocrx_word' id='word_1_46' title='bbox 295 784 452 849; x_wconf 85' lang='lat' dir='ltr'><strong>fremebat</strong></span> <span class='ocrx_word' id='word_1_47' title='bbox 473 787 506 848; x_wconf 90' lang='lat' dir='ltr'><strong>ct</strong></span> <span class='ocrx_word' id='word_1_48' title='bbox 526 805 594 849; x_wconf 91' lang='lat' dir='ltr'><strong>non</strong></span> <span class='ocrx_word' id='word_1_49' title='bbox 615 784 753 869; x_wconf 83' lang='lat' dir='ltr'><strong>provisis</strong></span> <span class='ocrx_word' id='word_1_50' title='bbox 777 784 1022 868; x_wconf 88' lang='lat' dir='ltr'><strong>commeatibus,</strong></span> <span class='ocrx_word' id='word_1_51' title='bbox 1050 806 1118 849; x_wconf 93' lang='lat' dir='ltr'><strong>non</strong></span> 
     </span>
     <span class='ocr_line' id='line_1_8' title="bbox 99 873 1118 958; baseline 0 -20"><span class='ocrx_word' id='word_1_52' title='bbox 99 873 273 958; x_wconf 85' lang='lat' dir='ltr'><strong>exploratis</strong></span> <span class='ocrx_word' id='word_1_53' title='bbox 302 873 487 956; x_wconf 76' lang='lat' dir='ltr'><strong>itineribus,</strong></span> <span class='ocrx_word' id='word_1_54' title='bbox 512 895 571 957; x_wconf 89' lang='lat' dir='ltr'><strong>per</strong></span> <span class='ocrx_word' id='word_1_55' title='bbox 599 873 700 956; x_wconf 83' lang='lat' dir='ltr'><strong>invia,</strong></span> <span class='ocrx_word' id='word_1_56' title='bbox 731 895 789 958; x_wconf 91' lang='lat' dir='ltr'><strong>per</strong></span> <span class='ocrx_word' id='word_1_57' title='bbox 818 873 941 938; x_wconf 87' lang='lat' dir='ltr'><strong>arentia</strong></span> <span class='ocrx_word' id='word_1_58' title='bbox 968 874 1118 939; x_wconf 88' lang='lat' dir='ltr'><strong>trahebat</strong></span> 
     </span>
     <span class='ocr_line' id='line_1_9' title="bbox 99 961 1118 1047; baseline -0.001 -19"><span class='ocrx_word' id='word_1_59' title='bbox 99 985 227 1028; x_wconf 89' lang='lat' dir='ltr'><strong>omnem</strong></span> <span class='ocrx_word' id='word_1_60' title='bbox 254 962 339 1027; x_wconf 85' lang='lat' dir='ltr'><strong>bello</strong></span> <span class='ocrx_word' id='word_1_61' title='bbox 362 963 475 1026; x_wconf 88' lang='lat' dir='ltr'><strong>utilem</strong></span> <span class='ocrx_word' id='word_1_62' title='bbox 507 962 643 1031; x_wconf 80' lang='lat' dir='ltr'><strong>turbam,</strong></span> <span class='ocrx_word' id='word_1_63' title='bbox 689 962 743 1028; x_wconf 92' lang='lat' dir='ltr'><strong>cui</strong></span> <span class='ocrx_word' id='word_1_64' title='bbox 770 961 856 1028; x_wconf 87' lang='lat' dir='ltr'><strong>intra</strong></span> <span class='ocrx_word' id='word_1_65' title='bbox 884 962 1025 1047; x_wconf 90' lang='lat' dir='ltr'><strong>primum</strong></span> <span class='ocrx_word' id='word_1_66' title='bbox 1056 963 1118 1027; x_wconf 77' lang='lat' dir='ltr'><strong>itm</strong></span> 
     </span>
     <span class='ocr_line' id='line_1_10' title="bbox 99 1051 1117 1134; baseline -0.001 -17"><span class='ocrx_word' id='word_1_67' title='bbox 99 1052 229 1118; x_wconf 80' lang='lat' dir='ltr'><strong>deerant</strong></span> <span class='ocrx_word' id='word_1_68' title='bbox 246 1051 438 1133; x_wconf 86' lang='lat' dir='ltr'><strong>necessaria,</strong></span> <span class='ocrx_word' id='word_1_69' title='bbox 458 1072 519 1116; x_wconf 88' lang='lat' dir='ltr'><strong>nec</strong></span> <span class='ocrx_word' id='word_1_70' title='bbox 543 1052 714 1134; x_wconf 88' lang='lat' dir='ltr'><strong>quicquam</strong></span> <span class='ocrx_word' id='word_1_71' title='bbox 739 1051 1004 1117; x_wconf 79' lang='lat' dir='ltr'><strong>subministrabat</strong></span> <span class='ocrx_word' id='word_1_72' title='bbox 1026 1052 1117 1118; x_wconf 77' lang='lat' dir='ltr'><strong>sten-</strong></span> 
     </span>
    </p>

    <p class='ocr_par' dir='ltr' id='par_1_3' title="bbox 63 1139 1160 1668">
     <span class='ocr_line' id='line_1_11' title="bbox 63 1139 1160 1226; baseline 0.004 -18"><span class='ocrx_word' id='word_1_73' title='bbox 63 1159 80 1208; x_wconf 81' lang='lat'><strong>3</strong></span> <span class='ocrx_word' id='word_1_74' title='bbox 96 1141 139 1207; x_wconf 91' lang='lat' dir='ltr'><strong>lis</strong></span> <span class='ocrx_word' id='word_1_75' title='bbox 158 1143 190 1206; x_wconf 90' lang='lat' dir='ltr'><strong>et</strong></span> <span class='ocrx_word' id='word_1_76' title='bbox 208 1140 331 1205; x_wconf 89' lang='lat' dir='ltr'><strong>inculta</strong></span> <span class='ocrx_word' id='word_1_77' title='bbox 347 1140 552 1224; x_wconf 89' lang='lat' dir='ltr'><strong>humanoque</strong></span> <span class='ocrx_word' id='word_1_78' title='bbox 570 1139 683 1226; x_wconf 87' lang='lat' dir='ltr'><strong>ignota</strong></span> <span class='ocrx_word' id='word_1_79' title='bbox 700 1140 837 1226; x_wconf 77' lang='lat' dir='ltr'><strong>vestigio</strong></span> <span class='ocrx_word' id='word_1_80' title='bbox 856 1141 960 1226; x_wconf 83' lang='lat' dir='ltr'><strong>regio:</strong></span> <span class='ocrx_word' id='word_1_81' title='bbox 982 1141 1160 1211; x_wconf 73' lang='lat' dir='ltr'><strong>sustine-10</strong></span> 
     </span>
     <span class='ocr_line' id='line_1_12' title="bbox 98 1229 1118 1313; baseline -0.001 -18"><span class='ocrx_word' id='word_1_82' title='bbox 98 1231 176 1295; x_wconf 87' lang='lat' dir='ltr'><strong>bant</strong></span> <span class='ocrx_word' id='word_1_83' title='bbox 194 1229 312 1294; x_wconf 84' lang='lat' dir='ltr'><strong>famem</strong></span> <span class='ocrx_word' id='word_1_84' title='bbox 331 1229 436 1313; x_wconf 91' lang='lat' dir='ltr'><strong>primo</strong></span> <span class='ocrx_word' id='word_1_85' title='bbox 455 1229 627 1293; x_wconf 89' lang='lat' dir='ltr'><strong>tenerrima</strong></span> <span class='ocrx_word' id='word_1_86' title='bbox 645 1229 808 1294; x_wconf 84' lang='lat' dir='ltr'><strong>frondium</strong></span> <span class='ocrx_word' id='word_1_87' title='bbox 827 1233 860 1294; x_wconf 92' lang='lat' dir='ltr'><strong>et</strong></span> <span class='ocrx_word' id='word_1_88' title='bbox 882 1229 1050 1295; x_wconf 90' lang='lat' dir='ltr'><strong>cacumina</strong></span> <span class='ocrx_word' id='word_1_89' title='bbox 1069 1253 1118 1295; x_wconf 93' lang='lat' dir='ltr'><strong>ar-</strong></span> 
     </span>
     <span class='ocr_line' id='line_1_13' title="bbox 97 1317 1117 1403; baseline -0.001 -18"><span class='ocrx_word' id='word_1_90' title='bbox 97 1320 228 1402; x_wconf 91' lang='lat' dir='ltr'><strong>borum,</strong></span> <span class='ocrx_word' id='word_1_91' title='bbox 257 1321 327 1382; x_wconf 86' lang='lat' dir='ltr'><strong>tum</strong></span> <span class='ocrx_word' id='word_1_92' title='bbox 351 1318 438 1383; x_wconf 85' lang='lat' dir='ltr'><strong>coria</strong></span> <span class='ocrx_word' id='word_1_93' title='bbox 461 1317 536 1402; x_wconf 80' lang='lat' dir='ltr'><strong>igne</strong></span> <span class='ocrx_word' id='word_1_94' title='bbox 558 1318 685 1382; x_wconf 89' lang='lat' dir='ltr'><strong>mollita</strong></span> <span class='ocrx_word' id='word_1_95' title='bbox 708 1321 741 1383; x_wconf 92' lang='lat' dir='ltr'><strong>et</strong></span> <span class='ocrx_word' id='word_1_96' title='bbox 763 1319 920 1403; x_wconf 89' lang='lat' dir='ltr'><strong>quidquid</strong></span> <span class='ocrx_word' id='word_1_97' title='bbox 942 1319 1117 1384; x_wconf 76' lang='lat' dir='ltr'><strong>necessitas</strong></span> 
     </span>
     <span class='ocr_line' id='line_1_14' title="bbox 99 1407 1118 1493; baseline -0.002 -19"><span class='ocrx_word' id='word_1_98' title='bbox 99 1409 206 1474; x_wconf 93' lang='lat' dir='ltr'><strong>cibum</strong></span> <span class='ocrx_word' id='word_1_99' title='bbox 224 1407 357 1490; x_wconf 83' lang='lat' dir='ltr'><strong>fecerat3</strong></span> <span class='ocrx_word' id='word_1_100' title='bbox 381 1410 554 1490; x_wconf 89' lang='lat' dir='ltr'><strong>postquam</strong></span> <span class='ocrx_word' id='word_1_101' title='bbox 577 1407 662 1471; x_wconf 88' lang='lat' dir='ltr'><strong>inter</strong></span> <span class='ocrx_word' id='word_1_102' title='bbox 683 1407 818 1473; x_wconf 87' lang='lat' dir='ltr'><strong>harenas</strong></span> <span class='ocrx_word' id='word_1_103' title='bbox 841 1407 964 1474; x_wconf 86' lang='lat' dir='ltr'><strong>radices</strong></span> <span class='ocrx_word' id='word_1_104' title='bbox 988 1429 1118 1493; x_wconf 90' lang='lat' dir='ltr'><strong>quoque</strong></span> 
     </span>
     <span class='ocr_line' id='line_1_15' title="bbox 98 1495 1118 1580; baseline 0 -18"><span class='ocrx_word' id='word_1_105' title='bbox 98 1501 131 1562; x_wconf 86' lang='lat' dir='ltr'><strong>et</strong></span> <span class='ocrx_word' id='word_1_106' title='bbox 159 1496 277 1561; x_wconf 88' lang='lat' dir='ltr'><strong>herbae</strong></span> <span class='ocrx_word' id='word_1_107' title='bbox 307 1495 487 1560; x_wconf 82' lang='lat' dir='ltr'><strong>defecerant</strong></span> <span class='ocrx_word' id='word_1_108' title='bbox 517 1496 728 1580; x_wconf 87' lang='lat' dir='ltr'><strong>apparuitque</strong></span> <span class='ocrx_word' id='word_1_109' title='bbox 758 1497 853 1580; x_wconf 91' lang='lat' dir='ltr'><strong>inops</strong></span> <span class='ocrx_word' id='word_1_110' title='bbox 876 1497 973 1562; x_wconf 88' lang='lat' dir='ltr'><strong>ctiam</strong></span> <span class='ocrx_word' id='word_1_111' title='bbox 997 1497 1118 1562; x_wconf 87' lang='lat' dir='ltr'><strong>anima-</strong></span> 
     </span>
     <span class='ocr_line' id='line_1_16' title="bbox 97 1584 1160 1668; baseline -0.005 -17"><span class='ocrx_word' id='word_1_112' title='bbox 97 1585 179 1651; x_wconf 91' lang='lat' dir='ltr'><strong>lium</strong></span> <span class='ocrx_word' id='word_1_113' title='bbox 213 1585 353 1651; x_wconf 89' lang='lat' dir='ltr'><strong>solitudo</strong></span> <span class='ocrx_word' id='word_1_114' title='bbox 360 1634 370 1668; x_wconf 98' lang='lat'><strong>,</strong></span> <span class='ocrx_word' id='word_1_115' title='bbox 405 1584 565 1649; x_wconf 90' lang='lat' dir='ltr'><strong>decimum</strong></span> <span class='ocrx_word' id='word_1_116' title='bbox 596 1605 754 1668; x_wconf 89' lang='lat' dir='ltr'><strong>quemque</strong></span> <span class='ocrx_word' id='word_1_117' title='bbox 787 1585 894 1650; x_wconf 86' lang='lat' dir='ltr'><strong>sortiti</strong></span> <span class='ocrx_word' id='word_1_118' title='bbox 925 1586 1118 1651; x_wconf 87' lang='lat' dir='ltr'><strong>alimentum</strong></span> <span class='ocrx_word' id='word_1_119' title='bbox 1135 1604 1160 1647; x_wconf 82' lang='lat' dir='ltr'><strong>rs</strong></span> 
     </span>
    </p>

    <p class='ocr_par' dir='ltr' id='par_1_4' title="bbox 63 1673 1162 2292">
     <span class='ocr_line' id='line_1_17' title="bbox 63 1673 1119 1760; baseline -0.001 -19"><span class='ocrx_word' id='word_1_120' title='bbox 63 1695 80 1742; x_wconf 84' lang='lat'>4</span> <span class='ocrx_word' id='word_1_121' title='bbox 98 1676 280 1741; x_wconf 78' lang='lat' dir='ltr'><strong>habuerrmt</strong></span> <span class='ocrx_word' id='word_1_122' title='bbox 296 1673 381 1738; x_wconf 85' lang='lat' dir='ltr'><strong>fame</strong></span> <span class='ocrx_word' id='word_1_123' title='bbox 400 1674 533 1739; x_wconf 86' lang='lat' dir='ltr'><strong>saevius.</strong></span> <span class='ocrx_word' id='word_1_124' title='bbox 571 1673 687 1758; x_wconf 84' lang='lat' dir='ltr'><strong>agebat</strong></span> <span class='ocrx_word' id='word_1_125' title='bbox 704 1673 809 1739; x_wconf 92' lang='lat' dir='ltr'><strong>adhuc</strong></span> <span class='ocrx_word' id='word_1_126' title='bbox 830 1695 939 1760; x_wconf 83' lang='lat' dir='ltr'><strong>regem</strong></span> <span class='ocrx_word' id='word_1_127' title='bbox 957 1674 1006 1739; x_wconf 91' lang='lat' dir='ltr'><strong>ira</strong></span> <span class='ocrx_word' id='word_1_128' title='bbox 1028 1698 1119 1759; x_wconf 82' lang='lat' dir='ltr'><strong>prae</strong></span> 
     </span>
     <span class='ocr_line' id='line_1_18' title="bbox 98 1763 1120 1848; baseline 0.001 -19"><span class='ocrx_word' id='word_1_129' title='bbox 98 1765 244 1848; x_wconf 62' lang='lat' dir='ltr'><strong>cipimm,</strong></span> <span class='ocrx_word' id='word_1_130' title='bbox 267 1785 341 1829; x_wconf 91' lang='lat' dir='ltr'><strong>cum</strong></span> <span class='ocrx_word' id='word_1_131' title='bbox 363 1766 488 1847; x_wconf 87' lang='lat' dir='ltr'><strong>partem</strong></span> <span class='ocrx_word' id='word_1_132' title='bbox 512 1764 669 1828; x_wconf 79' lang='lat' dir='ltr'><strong>exercitis</strong></span> <span class='ocrx_word' id='word_1_133' title='bbox 693 1763 865 1844; x_wconf 83' lang='lat' dir='ltr'><strong>amisisset,</strong></span> <span class='ocrx_word' id='word_1_134' title='bbox 888 1767 1013 1848; x_wconf 86' lang='lat' dir='ltr'><strong>partem</strong></span> <span class='ocrx_word' id='word_1_135' title='bbox 1032 1786 1120 1830; x_wconf 90' lang='lat' dir='ltr'><strong>com·</strong></span> 
     </span>
     <span class='ocr_line' id='line_1_19' title="bbox 98 1852 1119 1937; baseline 0.002 -19"><span class='ocrx_word' id='word_1_136' title='bbox 98 1855 231 1936; x_wconf 91' lang='lat' dir='ltr'><strong>edisset,</strong></span> <span class='ocrx_word' id='word_1_137' title='bbox 267 1852 368 1917; x_wconf 88' lang='lat' dir='ltr'><strong>donec</strong></span> <span class='ocrx_word' id='word_1_138' title='bbox 397 1852 522 1937; x_wconf 85' lang='lat' dir='ltr'><strong>timuit,</strong></span> <span class='ocrx_word' id='word_1_139' title='bbox 556 1874 597 1916; x_wconf 89' lang='lat' dir='ltr'><strong>nc</strong></span> <span class='ocrx_word' id='word_1_140' title='bbox 625 1852 752 1935; x_wconf 88' lang='lat' dir='ltr'><strong>etipse</strong></span> <span class='ocrx_word' id='word_1_141' title='bbox 782 1857 951 1918; x_wconf 75' lang='lat' dir='ltr'><strong>vocaretur</strong></span> <span class='ocrx_word' id='word_1_142' title='bbox 978 1853 1019 1918; x_wconf 87' lang='lat' dir='ltr'><strong>ad</strong></span> <span class='ocrx_word' id='word_1_143' title='bbox 1052 1875 1119 1920; x_wconf 90' lang='lat' dir='ltr'><strong>sor·</strong></span> 
     </span>
     <span class='ocr_line' id='line_1_20' title="bbox 97 1941 1119 2027; baseline 0 -19"><span class='ocrx_word' id='word_1_144' title='bbox 97 1948 176 2009; x_wconf 90' lang='lat' dir='ltr'><strong>tem:</strong></span> <span class='ocrx_word' id='word_1_145' title='bbox 200 1946 270 2007; x_wconf 90' lang='lat' dir='ltr'><strong>tum</strong></span> <span class='ocrx_word' id='word_1_146' title='bbox 294 1942 423 2006; x_wconf 89' lang='lat' dir='ltr'><strong>demum</strong></span> <span class='ocrx_word' id='word_1_147' title='bbox 446 1942 576 2027; x_wconf 80' lang='lat' dir='ltr'><strong>signum</strong></span> <span class='ocrx_word' id='word_1_148' title='bbox 597 1942 742 2025; x_wconf 85' lang='lat' dir='ltr'><strong>receptui</strong></span> <span class='ocrx_word' id='word_1_149' title='bbox 765 1941 860 2006; x_wconf 90' lang='lat' dir='ltr'><strong>dedit.</strong></span> <span class='ocrx_word' id='word_1_150' title='bbox 907 1942 1119 2008; x_wconf 86' lang='lat' dir='ltr'><strong>servabantur</strong></span> 
     </span>
     <span class='ocr_line' id='line_1_21' title="bbox 97 2030 1162 2117; baseline -0.004 -20"><span class='ocrx_word' id='word_1_151' title='bbox 97 2033 226 2097; x_wconf 87' lang='lat' dir='ltr'><strong>interim</strong></span> <span class='ocrx_word' id='word_1_152' title='bbox 245 2052 417 2117; x_wconf 82' lang='lat' dir='ltr'><strong>generosae</strong></span> <span class='ocrx_word' id='word_1_153' title='bbox 434 2030 484 2095; x_wconf 92' lang='lat' dir='ltr'><strong>illi</strong></span> <span class='ocrx_word' id='word_1_154' title='bbox 502 2050 576 2095; x_wconf 83' lang='lat' dir='ltr'><strong>aves</strong></span> <span class='ocrx_word' id='word_1_155' title='bbox 600 2032 632 2094; x_wconf 88' lang='lat' dir='ltr'><strong>et</strong></span> <span class='ocrx_word' id='word_1_156' title='bbox 649 2030 862 2096; x_wconf 86' lang='lat' dir='ltr'><strong>instrumenta</strong></span> <span class='ocrx_word' id='word_1_157' title='bbox 880 2031 1049 2116; x_wconf 88' lang='lat' dir='ltr'><strong>epularum</strong></span> <span class='ocrx_word' id='word_1_158' title='bbox 1067 2053 1118 2097; x_wconf 88' lang='lat' dir='ltr'><strong>ca·</strong></span> <span class='ocrx_word' id='word_1_159' title='bbox 1136 2053 1162 2094; x_wconf 78' lang='lat' dir='ltr'><strong>ro</strong></span> 
     </span>
     <span class='ocr_line' id='line_1_22' title="bbox 98 2117 1117 2205; baseline 0.001 -20"><span class='ocrx_word' id='word_1_160' title='bbox 98 2122 189 2185; x_wconf 88' lang='lat' dir='ltr'><strong>melis</strong></span> <span class='ocrx_word' id='word_1_161' title='bbox 221 2120 432 2202; x_wconf 82' lang='lat' dir='ltr'><strong>vehebantur,</strong></span> <span class='ocrx_word' id='word_1_162' title='bbox 467 2141 541 2184; x_wconf 89' lang='lat' dir='ltr'><strong>cum</strong></span> <span class='ocrx_word' id='word_1_163' title='bbox 569 2117 760 2184; x_wconf 86' lang='lat' dir='ltr'><strong>sortirentur</strong></span> <span class='ocrx_word' id='word_1_164' title='bbox 786 2120 906 2186; x_wconf 82' lang='lat' dir='ltr'><strong>milites</strong></span> <span class='ocrx_word' id='word_1_165' title='bbox 929 2119 1013 2204; x_wconf 91' lang='lat' dir='ltr'><strong>eius,</strong></span> <span class='ocrx_word' id='word_1_166' title='bbox 1043 2122 1117 2205; x_wconf 88' lang='lat' dir='ltr'><strong>quis</strong></span> 
     </span>
     <span class='ocr_line' id='line_1_23' title="bbox 98 2207 698 2292; baseline -0.003 -19"><span class='ocrx_word' id='word_1_167' title='bbox 98 2209 181 2273; x_wconf 90' lang='lat' dir='ltr'><strong>male</strong></span> <span class='ocrx_word' id='word_1_168' title='bbox 204 2209 336 2292; x_wconf 90' lang='lat' dir='ltr'><strong>periret,</strong></span> <span class='ocrx_word' id='word_1_169' title='bbox 360 2209 431 2291; x_wconf 84' lang='lat' dir='ltr'><strong>quis</strong></span> <span class='ocrx_word' id='word_1_170' title='bbox 454 2209 546 2291; x_wconf 90' lang='lat' dir='ltr'><strong>peius</strong></span> <span class='ocrx_word' id='word_1_171' title='bbox 568 2207 698 2272; x_wconf 76' lang='lat' dir='ltr'><strong>vireret.</strong></span> 
     </span>
    </p>

    <p class='ocr_par' dir='ltr' id='par_1_5' title="bbox 63 2295 1118 2473">
     <span class='ocr_line' id='line_1_24' title="bbox 63 2295 1118 2383; baseline -0.001 -19"><span class='ocrx_word' id='word_1_172' title='bbox 63 2316 78 2364; x_wconf 90' lang='lat'>1</span> <span class='ocrx_word' id='word_1_173' title='bbox 187 2295 273 2360; x_wconf 89' lang='lat' dir='ltr'>XXI.</span> <span class='ocrx_word' id='word_1_174' title='bbox 309 2296 373 2361; x_wconf 92' lang='lat' dir='ltr'><strong>Hic</strong></span> <span class='ocrx_word' id='word_1_175' title='bbox 400 2297 500 2360; x_wconf 87' lang='lat' dir='ltr'><strong>iratus</strong></span> <span class='ocrx_word' id='word_1_176' title='bbox 528 2295 592 2359; x_wconf 82' lang='lat' dir='ltr'><strong>fuit</strong></span> <span class='ocrx_word' id='word_1_177' title='bbox 614 2295 703 2381; x_wconf 83' lang='lat' dir='ltr'><strong>genti</strong></span> <span class='ocrx_word' id='word_1_178' title='bbox 726 2300 759 2361; x_wconf 88' lang='lat' dir='ltr'><strong>et</strong></span> <span class='ocrx_word' id='word_1_179' title='bbox 780 2297 910 2383; x_wconf 78' lang='lat' dir='ltr'><strong>ignotae</strong></span> <span class='ocrx_word' id='word_1_180' title='bbox 933 2301 966 2363; x_wconf 91' lang='lat' dir='ltr'><strong>et</strong></span> <span class='ocrx_word' id='word_1_181' title='bbox 988 2298 1118 2363; x_wconf 88' lang='lat' dir='ltr'><strong>inmeri-</strong></span> 
     </span>
     <span class='ocr_line' id='line_1_25' title="bbox 98 2381 1118 2473; baseline 0.003 -23"><span class='ocrx_word' id='word_1_182' title='bbox 98 2390 166 2469; x_wconf 86' lang='lat' dir='ltr'><strong>tae,</strong></span> <span class='ocrx_word' id='word_1_183' title='bbox 194 2407 342 2450; x_wconf 87' lang='lat' dir='ltr'><strong>sensurae</strong></span> <span class='ocrx_word' id='word_1_184' title='bbox 370 2389 492 2449; x_wconf 87' lang='lat' dir='ltr'><strong>tamen:</strong></span> <span class='ocrx_word' id='word_1_185' title='bbox 520 2381 621 2467; x_wconf 78' lang='lat' dir='ltr'><strong>Cyrus</strong></span> <span class='ocrx_word' id='word_1_186' title='bbox 644 2383 779 2450; x_wconf 89' lang='lat' dir='ltr'><strong>flumini.</strong></span> <span class='ocrx_word' id='word_1_187' title='bbox 824 2409 900 2450; x_wconf 89' lang='lat' dir='ltr'><strong>nam</strong></span> <span class='ocrx_word' id='word_1_188' title='bbox 919 2407 992 2453; x_wconf 92' lang='lat' dir='ltr'><strong>cum</strong></span> <span class='ocrx_word' id='word_1_189' title='bbox 1011 2387 1118 2473; x_wconf 88' lang='lat' dir='ltr'><strong>Baby-</strong></span> 
     </span>
    </p>
   </div>
   <div class='ocr_carea' id='block_1_3' title="bbox 63 2472 1162 3006">
    <p class='ocr_par' dir='ltr' id='par_1_6' title="bbox 63 2472 1162 3006">
     <span class='ocr_line' id='line_1_26' title="bbox 97 2472 1161 2559; baseline -0.001 -20"><span class='ocrx_word' id='word_1_190' title='bbox 97 2476 174 2539; x_wconf 89' lang='lat' dir='ltr'><strong>lona</strong></span> <span class='ocrx_word' id='word_1_191' title='bbox 197 2477 441 2558; x_wconf 84' lang='lat' dir='ltr'><strong>oppugnaturus</strong></span> <span class='ocrx_word' id='word_1_192' title='bbox 465 2472 631 2538; x_wconf 87' lang='lat' dir='ltr'><strong>festinaret</strong></span> <span class='ocrx_word' id='word_1_193' title='bbox 650 2474 690 2537; x_wconf 89' lang='lat' dir='ltr'><strong>ad</strong></span> <span class='ocrx_word' id='word_1_194' title='bbox 707 2475 842 2559; x_wconf 91' lang='lat' dir='ltr'><strong>bellum,</strong></span> <span class='ocrx_word' id='word_1_195' title='bbox 866 2476 957 2541; x_wconf 92' lang='lat' dir='ltr'><strong>cuius</strong></span> <span class='ocrx_word' id='word_1_196' title='bbox 975 2477 1118 2542; x_wconf 85' lang='lat' dir='ltr'><strong>maxima</strong></span> <span class='ocrx_word' id='word_1_197' title='bbox 1135 2497 1161 2538; x_wconf 77' lang='lat' dir='ltr'><strong>ss</strong></span> 
     </span>
     <span class='ocr_line' id='line_1_27' title="bbox 98 2560 1118 2647; baseline 0.003 -19"><span class='ocrx_word' id='word_1_198' title='bbox 98 2567 262 2628; x_wconf 88' lang='lat' dir='ltr'><strong>momenta</strong></span> <span class='ocrx_word' id='word_1_199' title='bbox 279 2563 314 2625; x_wconf 91' lang='lat' dir='ltr'><strong>in</strong></span> <span class='ocrx_word' id='word_1_200' title='bbox 333 2561 553 2628; x_wconf 86' lang='lat' dir='ltr'><strong>occasionibus</strong></span> <span class='ocrx_word' id='word_1_201' title='bbox 573 2565 648 2627; x_wconf 92' lang='lat' dir='ltr'><strong>sunt</strong></span> <span class='ocrx_word' id='word_1_202' title='bbox 654 2611 664 2646; x_wconf 96' lang='lat'><strong>,</strong></span> <span class='ocrx_word' id='word_1_203' title='bbox 687 2560 822 2647; x_wconf 74' lang='lat' dir='ltr'><strong>(iyndcn</strong></span> <span class='ocrx_word' id='word_1_204' title='bbox 838 2565 904 2630; x_wconf 91' lang='lat' dir='ltr'><strong>late</strong></span> <span class='ocrx_word' id='word_1_205' title='bbox 922 2565 1031 2631; x_wconf 86' lang='lat' dir='ltr'><strong>fusum</strong></span> <span class='ocrx_word' id='word_1_206' title='bbox 1049 2588 1118 2631; x_wconf 88' lang='lat' dir='ltr'><strong>am·</strong></span> 
     </span>
     <span class='ocr_line' id='line_1_28' title="bbox 98 2650 1118 2738; baseline 0.003 -21"><span class='ocrx_word' id='word_1_207' title='bbox 98 2674 172 2718; x_wconf 90' lang='lat' dir='ltr'><strong>ncm</strong></span> <span class='ocrx_word' id='word_1_208' title='bbox 185 2651 268 2716; x_wconf 84' lang='lat' dir='ltr'><strong>vado</strong></span> <span class='ocrx_word' id='word_1_209' title='bbox 282 2650 418 2719; x_wconf 84' lang='lat' dir='ltr'><strong>transire</strong></span> <span class='ocrx_word' id='word_1_210' title='bbox 435 2652 619 2736; x_wconf 82' lang='lat' dir='ltr'><strong>tcmptarit,</strong></span> <span class='ocrx_word' id='word_1_211' title='bbox 639 2653 725 2734; x_wconf 93' lang='lat' dir='ltr'><strong>quod</strong></span> <span class='ocrx_word' id='word_1_212' title='bbox 738 2653 794 2717; x_wconf 83' lang='lat' dir='ltr'><strong>vix</strong></span> <span class='ocrx_word' id='word_1_213' title='bbox 812 2656 918 2718; x_wconf 90' lang='lat' dir='ltr'><strong>tutum</strong></span> <span class='ocrx_word' id='word_1_214' title='bbox 937 2657 1000 2738; x_wconf 88' lang='lat' dir='ltr'><strong>cst,</strong></span> <span class='ocrx_word' id='word_1_215' title='bbox 1018 2656 1118 2720; x_wconf 90' lang='lat' dir='ltr'><strong>ctiam</strong></span> 
     </span>
     <span class='ocr_line' id='line_1_29' title="bbox 63 2739 1118 2809; baseline 0.001 -2"><span class='ocrx_word' id='word_1_216' title='bbox 63 2759 172 2807; x_wconf 74' lang='lat' dir='ltr'><strong>acum</strong></span> <span class='ocrx_word' id='word_1_217' title='bbox 196 2739 296 2805; x_wconf 86' lang='lat' dir='ltr'><strong>sensit</strong></span> <span class='ocrx_word' id='word_1_218' title='bbox 319 2743 471 2806; x_wconf 89' lang='lat' dir='ltr'><strong>aestatem</strong></span> <span class='ocrx_word' id='word_1_219' title='bbox 495 2743 528 2805; x_wconf 91' lang='lat' dir='ltr'><strong>et</strong></span> <span class='ocrx_word' id='word_1_220' title='bbox 550 2739 590 2805; x_wconf 88' lang='lat' dir='ltr'><strong>ad</strong></span> <span class='ocrx_word' id='word_1_221' title='bbox 612 2742 783 2806; x_wconf 91' lang='lat' dir='ltr'><strong>minimum</strong></span> <span class='ocrx_word' id='word_1_222' title='bbox 803 2742 957 2808; x_wconf 87' lang='lat' dir='ltr'><strong>deductus</strong></span> <span class='ocrx_word' id='word_1_223' title='bbox 981 2747 1038 2809; x_wconf 88' lang='lat' dir='ltr'><strong>est.</strong></span> <span class='ocrx_word' id='word_1_224' title='bbox 1070 2744 1118 2809; x_wconf 92' lang='lat' dir='ltr'><strong>ibi</strong></span> 
     </span>
     <span class='ocr_line' id='line_1_30' title="bbox 98 2828 1118 2916; baseline 0.003 -21"><span class='ocrx_word' id='word_1_225' title='bbox 98 2852 181 2895; x_wconf 89' lang='lat' dir='ltr'><strong>unus</strong></span> <span class='ocrx_word' id='word_1_226' title='bbox 200 2851 240 2894; x_wconf 84' lang='lat' dir='ltr'><strong>ex</strong></span> <span class='ocrx_word' id='word_1_227' title='bbox 257 2828 297 2895; x_wconf 91' lang='lat' dir='ltr'><strong>iis</strong></span> <span class='ocrx_word' id='word_1_228' title='bbox 316 2829 419 2912; x_wconf 91' lang='lat' dir='ltr'><strong>equis,</strong></span> <span class='ocrx_word' id='word_1_229' title='bbox 443 2828 499 2913; x_wconf 90' lang='lat' dir='ltr'><strong>qui</strong></span> <span class='ocrx_word' id='word_1_230' title='bbox 516 2829 642 2895; x_wconf 90' lang='lat' dir='ltr'><strong>trahere</strong></span> <span class='ocrx_word' id='word_1_231' title='bbox 659 2831 784 2916; x_wconf 83' lang='lat' dir='ltr'><strong>regium</strong></span> <span class='ocrx_word' id='word_1_232' title='bbox 803 2852 933 2896; x_wconf 89' lang='lat' dir='ltr'><strong>currum</strong></span> <span class='ocrx_word' id='word_1_233' title='bbox 952 2833 1017 2897; x_wconf 90' lang='lat' dir='ltr'><strong>albi</strong></span> <span class='ocrx_word' id='word_1_234' title='bbox 1036 2833 1118 2899; x_wconf 89' lang='lat' dir='ltr'><strong>sole·</strong></span> 
     </span>
     <span class='ocr_line' id='line_1_31' title="bbox 97 2918 1162 3006; baseline -0.001 -21"><span class='ocrx_word' id='word_1_235' title='bbox 97 2920 189 3003; x_wconf 88' lang='lat' dir='ltr'><strong>bant,</strong></span> <span class='ocrx_word' id='word_1_236' title='bbox 207 2919 357 3002; x_wconf 86' lang='lat' dir='ltr'><strong>abreptus</strong></span> <span class='ocrx_word' id='word_1_237' title='bbox 371 2918 575 2983; x_wconf 71' lang='lat' dir='ltr'><strong>vehementm</strong></span> <span class='ocrx_word' id='word_1_238' title='bbox 593 2920 769 2984; x_wconf 76' lang='lat' dir='ltr'><strong>commovit</strong></span> <span class='ocrx_word' id='word_1_239' title='bbox 786 2942 908 3006; x_wconf 71' lang='lat' dir='ltr'><strong>regem,</strong></span> <span class='ocrx_word' id='word_1_240' title='bbox 925 2921 1045 2986; x_wconf 76' lang='lat' dir='ltr'><strong>inravit</strong></span> <span class='ocrx_word' id='word_1_241' title='bbox 1058 2922 1118 2987; x_wconf 90' lang='lat' dir='ltr'><strong>ita·</strong></span> <span class='ocrx_word' id='word_1_242' title='bbox 1136 2944 1162 2984; x_wconf 81' lang='lat' dir='ltr'><strong>co</strong></span> 
     </span>
    </p>
   </div>
   <div class='ocr_carea' id='block_1_4' title="bbox 97 3057 1119 3488">
    <p class='ocr_par' dir='ltr' id='par_1_7' title="bbox 97 3057 1119 3488">
     <span class='ocr_line' id='line_1_32' title="bbox 186 3057 1119 3130; baseline 0.004 -17"><span class='ocrx_word' id='word_1_243' title='bbox 186 3059 205 3113; x_wconf 90' lang='grc'>2</span> <span class='ocrx_word' id='word_1_244' title='bbox 223 3057 316 3112; x_wconf 87' lang='lat' dir='ltr'><strong>forent</strong></span> <span class='ocrx_word' id='word_1_245' title='bbox 334 3058 363 3111; x_wconf 88' lang='lat' dir='ltr'><strong>et</strong></span> <span class='ocrx_word' id='word_1_246' title='bbox 380 3057 483 3112; x_wconf 86' lang='lat' dir='ltr'><strong>Aethio</strong></span> <span class='ocrx_word' id='word_1_247' title='bbox 505 3074 533 3112; x_wconf 86' lang='lat' dir='ltr'><strong>cs</strong></span> <span class='ocrx_word' id='word_1_248' title='bbox 553 3058 636 3114; x_wconf 74' lang='lat' dir='ltr'><strong>Gertz</strong></span> <span class='ocrx_word' id='word_1_249' title='bbox 659 3057 753 3113; x_wconf 87' lang='lat' dir='ltr'><strong>forent</strong></span> <span class='ocrx_word' id='word_1_250' title='bbox 771 3058 794 3112; x_wconf 79' lang='lat' dir='ltr'><strong>dr</strong></span> <span class='ocrx_word' id='word_1_251' title='bbox 811 3059 923 3130; x_wconf 85' lang='lat' dir='ltr'><strong>thicpes</strong></span> <span class='ocrx_word' id='word_1_252' title='bbox 945 3066 978 3116; x_wconf 78' lang='lat' dir='ltr'><strong>ut</strong></span> <span class='ocrx_word' id='word_1_253' title='bbox 999 3061 1055 3117; x_wconf 71' lang='lat' dir='ltr'><strong>vati.</strong></span> <span class='ocrx_word' id='word_1_254' title='bbox 1074 3061 1119 3117; x_wconf 88' lang='lat' dir='ltr'><strong>A¹</strong></span> 
     </span>
     <span class='ocr_line' id='line_1_33' title="bbox 98 3075 1119 3253; baseline 0.001 -67"><span class='ocrx_word' id='word_1_255' title='bbox 98 3129 333 3204; x_wconf 67' lang='lat' dir='ltr'><strong>forentsscthiopes</strong></span> <span class='ocrx_word' id='word_1_256' title='bbox 351 3128 394 3184; x_wconf 84' lang='lat' dir='ltr'><strong>A⁶</strong></span> <span class='ocrx_word' id='word_1_257' title='bbox 412 3130 460 3253; x_wconf 56' lang='lat' dir='ltr'><strong>li)</strong></span> <span class='ocrx_word' id='word_1_258' title='bbox 483 3075 538 3201; x_wconf 65' lang='lat' dir='ltr'><strong>dss</strong></span> <span class='ocrx_word' id='word_1_259' title='bbox 559 3128 720 3184; x_wconf 87' lang='lat' dir='ltr'><strong>Macrobioe</strong></span> <span class='ocrx_word' id='word_1_260' title='bbox 746 3130 829 3185; x_wconf 74' lang='lat' dir='ltr'><strong>Gertz</strong></span> <span class='ocrx_word' id='word_1_261' title='bbox 852 3147 917 3186; x_wconf 91' lang='lat' dir='ltr'><strong>mac</strong></span> <span class='ocrx_word' id='word_1_262' title='bbox 941 3131 1068 3205; x_wconf 65' lang='lat' dir='ltr'><strong>r0⁶bidq</strong></span> <span class='ocrx_word' id='word_1_263' title='bbox 1088 3133 1119 3188; x_wconf 97' lang='lat' dir='ltr'><strong><em>A</em></strong></span> 
     </span>
     <span class='ocr_line' id='line_1_34' title="bbox 98 3199 1119 3277; baseline 0.003 -20"><span class='ocrx_word' id='word_1_264' title='bbox 98 3201 260 3258; x_wconf 88' lang='lat' dir='ltr'><strong>macrobidc</strong></span> <span class='ocrx_word' id='word_1_265' title='bbox 279 3202 306 3256; x_wconf 84' lang='lat' dir='ltr'><strong><em>L</em></strong></span> <span class='ocrx_word' id='word_1_266' title='bbox 324 3200 419 3254; x_wconf 87' lang='lat' dir='ltr'><strong>Macro</strong></span> <span class='ocrx_word' id='word_1_267' title='bbox 440 3218 462 3254; x_wconf 93' lang='lat'><strong>11</strong></span> <span class='ocrx_word' id='word_1_268' title='bbox 479 3201 547 3270; x_wconf 76' lang='lat' dir='ltr'><strong>culp.</strong></span> <span class='ocrx_word' id='word_1_269' title='bbox 566 3200 577 3274; x_wconf 73' lang='lat' dir='ltr'><strong>ll</strong></span> <span class='ocrx_word' id='word_1_270' title='bbox 598 3200 635 3256; x_wconf 86' lang='lat'><strong>14</strong></span> <span class='ocrx_word' id='word_1_271' title='bbox 653 3199 816 3256; x_wconf 86' lang='lat' dir='ltr'><strong>defecerunt</strong></span> <span class='ocrx_word' id='word_1_272' title='bbox 835 3202 930 3270; x_wconf 77' lang='lat' dir='ltr'><strong>Gertz,</strong></span> <span class='ocrx_word' id='word_1_273' title='bbox 947 3219 1005 3259; x_wconf 78' lang='lat' dir='ltr'><strong>acc</strong></span> <span class='ocrx_word' id='word_1_274' title='bbox 1023 3204 1090 3260; x_wconf 79' lang='lat' dir='ltr'><strong>dccc</strong></span> <span class='ocrx_word' id='word_1_275' title='bbox 1107 3203 1119 3277; x_wconf 91' lang='grc' dir='ltr'><strong>ΙΙ</strong></span> 
     </span>
     <span class='ocr_line' id='line_1_35' title="bbox 98 3270 1117 3346; baseline 0.001 -17"><span class='ocrx_word' id='word_1_276' title='bbox 98 3274 134 3329; x_wconf 88' lang='grc'><strong>20</strong></span> <span class='ocrx_word' id='word_1_277' title='bbox 146 3274 259 3329; x_wconf 85' lang='lat' dir='ltr'><strong>illiaucs</strong></span> <span class='ocrx_word' id='word_1_278' title='bbox 273 3272 314 3338; x_wconf 84' lang='lat' dir='ltr'><strong>A,</strong></span> <span class='ocrx_word' id='word_1_279' title='bbox 328 3273 401 3326; x_wconf 60' lang='lat' dir='ltr'><strong>tome</strong></span> <span class='ocrx_word' id='word_1_280' title='bbox 414 3271 457 3327; x_wconf 89' lang='lat' dir='ltr'><strong>A¹</strong></span> <span class='ocrx_word' id='word_1_281' title='bbox 474 3270 535 3325; x_wconf 91' lang='lat' dir='ltr'><strong>illic</strong></span> <span class='ocrx_word' id='word_1_282' title='bbox 553 3288 620 3327; x_wconf 89' lang='lat' dir='ltr'><strong>oues</strong></span> <span class='ocrx_word' id='word_1_283' title='bbox 639 3273 742 3340; x_wconf 79' lang='lat' dir='ltr'><strong>effecit;</strong></span> <span class='ocrx_word' id='word_1_284' title='bbox 759 3274 862 3328; x_wconf 72' lang='lat' dir='ltr'><strong>scilicet</strong></span> <span class='ocrx_word' id='word_1_285' title='bbox 879 3290 897 3328; x_wconf 89' lang='lat' dir='ltr'><strong>a</strong></span> <span class='ocrx_word' id='word_1_286' title='bbox 911 3275 1009 3344; x_wconf 79' lang='lat' dir='ltr'><strong>paullo</strong></span> <span class='ocrx_word' id='word_1_287' title='bbox 1027 3275 1117 3346; x_wconf 78' lang='lat' dir='ltr'><strong>aeple-</strong></span> 
     </span>
     <span class='ocr_line' id='line_1_36' title="bbox 97 3344 1119 3416; baseline 0.001 -15"><span class='ocrx_word' id='word_1_288' title='bbox 97 3348 206 3415; x_wconf 76' lang='lat' dir='ltr'><strong>9eotioa</strong></span> <span class='ocrx_word' id='word_1_289' title='bbox 222 3345 327 3413; x_wconf 73' lang='lat' dir='ltr'><strong>scripta</strong></span> <span class='ocrx_word' id='word_1_290' title='bbox 343 3344 458 3412; x_wconf 79' lang='lat' dir='ltr'><strong>speciem</strong></span> <span class='ocrx_word' id='word_1_291' title='bbox 474 3344 531 3410; x_wconf 83' lang='lat' dir='ltr'><strong>fere</strong></span> <span class='ocrx_word' id='word_1_292' title='bbox 549 3344 704 3398; x_wconf 79' lang='lat' dir='ltr'><strong>litterarum</strong></span> <span class='ocrx_word' id='word_1_293' title='bbox 722 3360 754 3398; x_wconf 92' lang='lat' dir='ltr'><strong>co</strong></span> <span class='ocrx_word' id='word_1_294' title='bbox 768 3345 963 3413; x_wconf 62' lang='lat' dir='ltr'><strong>praebebatur</strong></span> <span class='ocrx_word' id='word_1_295' title='bbox 976 3347 1119 3416; x_wconf 76' lang='lat' dir='ltr'><strong>scriptura</strong></span> 
     </span>
     <span class='ocr_line' id='line_1_37' title="bbox 98 3413 1119 3488; baseline 0.003 -17"><span class='ocrx_word' id='word_1_296' title='bbox 98 3415 312 3486; x_wconf 74' lang='lat' dir='ltr'><strong>Lonpobardicu</strong></span> <span class='ocrx_word' id='word_1_297' title='bbox 336 3414 340 3485; x_wconf 78' lang='grc' dir='ltr'>Ι</span> <span class='ocrx_word' id='word_1_298' title='bbox 357 3413 393 3467; x_wconf 95' lang='grc'><strong>22</strong></span> <span class='ocrx_word' id='word_1_299' title='bbox 410 3413 491 3483; x_wconf 86' lang='lat' dir='ltr'><strong>peius</strong></span> <span class='ocrx_word' id='word_1_300' title='bbox 505 3416 533 3470; x_wconf 93' lang='lat' dir='ltr'><strong><em>A</em></strong></span> <span class='ocrx_word' id='word_1_301' title='bbox 551 3416 581 3485; x_wconf 92' lang='lat' dir='ltr'><strong>(p</strong></span> <span class='ocrx_word' id='word_1_302' title='bbox 596 3431 630 3470; x_wconf 75' lang='lat' dir='ltr'><strong>cc</strong></span> <span class='ocrx_word' id='word_1_303' title='bbox 643 3431 657 3467; x_wconf 92' lang='lat' dir='ltr'><strong>s</strong></span> <span class='ocrx_word' id='word_1_304' title='bbox 670 3416 750 3485; x_wconf 88' lang='lat' dir='ltr'><strong>corr.)</strong></span> <span class='ocrx_word' id='word_1_305' title='bbox 767 3414 777 3488; x_wconf 69' lang='lat' dir='ltr'><strong>ll</strong></span> <span class='ocrx_word' id='word_1_306' title='bbox 795 3415 831 3470; x_wconf 80' lang='grc'><strong>26</strong></span> <span class='ocrx_word' id='word_1_307' title='bbox 847 3415 975 3486; x_wconf 76' lang='lat' dir='ltr'><strong>Gyndem</strong></span> <span class='ocrx_word' id='word_1_308' title='bbox 989 3417 1119 3474; x_wconf 58' lang='lat' dir='ltr'><strong>Eram!</strong></span> 
     </span>
    </p>
   </div>
   <div class='ocr_carea' id='block_1_5' title="bbox 82 3413 1117 3622">
    <p class='ocr_par' dir='ltr' id='par_1_8' title="bbox 82 3413 1117 3622">
     <span class='ocr_line' id='line_1_38' title="bbox 82 3413 1117 3622; baseline 0.006 -83"><span class='ocrx_word' id='word_1_309' title='bbox 82 3486 305 3622; x_wconf 48' lang='lat' dir='ltr'><strong>,fflDHerodct</strong></span> <span class='ocrx_word' id='word_1_310' title='bbox 324 3413 344 3540; x_wconf 77' lang='lat' dir='ltr'><strong>i</strong></span> <span class='ocrx_word' id='word_1_311' title='bbox 360 3490 414 3541; x_wconf 82' lang='grc'><strong>189</strong></span> <span class='ocrx_word' id='word_1_312' title='bbox 436 3502 538 3556; x_wconf 84' lang='lat' dir='ltr'><strong>gygem</strong></span> <span class='ocrx_word' id='word_1_313' title='bbox 556 3487 584 3541; x_wconf 93' lang='lat' dir='ltr'><strong><em>A</em></strong></span> <span class='ocrx_word' id='word_1_314' title='bbox 607 3501 728 3556; x_wconf 79' lang='lat' dir='ltr'><strong>gangem</strong></span> <span class='ocrx_word' id='word_1_315' title='bbox 744 3487 772 3541; x_wconf 83' lang='lat' dir='ltr'><em>L</em></span> <span class='ocrx_word' id='word_1_316' title='bbox 796 3486 806 3560; x_wconf 75' lang='grc' dir='ltr'>Η</span> <span class='ocrx_word' id='word_1_317' title='bbox 830 3487 866 3542; x_wconf 83' lang='grc'><strong>29</strong></span> <span class='ocrx_word' id='word_1_318' title='bbox 889 3487 975 3543; x_wconf 82' lang='lat' dir='ltr'><strong>alllbi</strong></span> <span class='ocrx_word' id='word_1_319' title='bbox 988 3489 1016 3544; x_wconf 90' lang='lat' dir='ltr'><strong><em>A</em></strong></span> <span class='ocrx_word' id='word_1_320' title='bbox 1035 3490 1117 3560; x_wconf 82' lang='lat' dir='ltr'><strong>(cras.</strong></span> 
     </span>
    </p>
   </div>
   <div class='ocr_carea' id='block_1_6' title="bbox 0 0 1208 3840">
    <p class='ocr_par' dir='ltr' id='par_1_9' title="bbox 0 0 1208 3840">
     <span class='ocr_line' id='line_1_39' title="bbox 0 0 1208 3840; baseline 0 0"><span class='ocrx_word' id='word_1_321' title='bbox 0 0 1208 3840; x_wconf 95' lang='lat' dir='ltr'><strong> </strong></span> 
     </span>
    </p>
   </div>
  </div>
 </body>
</html>
