2400 3840
77 202 141 267 100
271 198 301 253 1..
316 196 459 251 sanam
476 196 647 252 SENECAE
658 194 754 252 olan.
768 194 837 252 um.
850 194 898 251 lv.

75 345 193 426 mines,
225 342 300 426 quia
330 342 399 426 pati
429 363 496 407 non
525 341 708 426 debuerint,
734 340 907 427 quaedam,
928 340 1010 425 quia
1031 362 1105 409 non

76 432 287 515 speraverint:
326 432 460 518 indigna
495 436 647 515 putamus
685 452 767 516 quae
801 430 972 517 inopinata
1007 436 1104 517 sunt3

39 539 57 586 ι
77 521 185 603 itaque
207 520 345 585 maxime
367 525 586 603 commovent,
608 542 690 605 quae
709 524 822 585 eontra
839 540 931 605 spem
947 524 1104 605 exposta·

77 611 263 711 tionemque
284 614 471 693 evenerunt,
489 632 549 675 neo
567 610 654 674 aliud
673 614 723 674 est
740 630 839 693 quare
856 610 892 673 in
908 608 1102 677 domesticis

78 699 211 763 minima
237 698 413 782 offendant,
442 700 478 764 in
503 699 614 764 amieis
642 698 793 763 iniuriam
813 718 967 763 rooemus
988 700 1103 787 negle-
1129 720 1140 763 ι

41 787 227 874 egentiam
274 788 452 873 quomodo
477 787 571 874 ergo'
594 788 733 871 inquit
737 787 943 853 inimieorum
965 808 1029 853 nos
1052 788 1102 853 in·

78 877 178 942 iuriae
200 877 368 942 movent?’
404 877 481 961 quia
501 898 569 942 non
586 876 826 961 expectavimus
844 876 916 941 illas
933 880 994 941 aut
1010 880 1101 943 uerte

77 988 144 1031 non
165 970 280 1031 tantas.
320 968 383 1032 hoe
406 966 507 1031 efficit
529 986 620 1030 amor
641 966 746 1030 nostri
766 966 900 1030 nimius:
921 964 1101 1033 inviolator

77 1077 137 1121 nos
167 1056 300 1120 etiam
291 1056 430 1120 mimicis
458 1055 636 1119 iudicamus
659 1076 728 1119 esse
751 1055 879 1137 debere,
899 1054 989 1141 regis
1011 1056 1102 1140 quis-

78 1167 140 1228 que
158 1146 243 1209 intra
262 1166 296 1209 se
314 1145 458 1209 animum
475 1144 585 1227 habet,
603 1148 640 1207 91
658 1144 822 1209 licentiam
839 1142 903 1209 sibi
919 1142 993 1209 dari
1009 1145 1102 1229 velit,
1116 1164 1139 1207 ιι

41 1236 112 1298 siu
135 1256 169 1298 se
191 1234 282 1298 nolit.
328 1234 437 1317 itaque
464 1256 524 1297 nos
551 1236 609 1297 aut
630 1233 802 1298 insolentia
824 1232 998 1299 iraoundoe
1018 1232 1102 1301 fauit

78 1328 134 1387 aut
151 1322 334 1407 ignorantia
350 1343 472 1386 rerum:
491 1321 568 1406 quid
586 1322 672 1387 enim
690 1322 809 1387 mirum
826 1325 877 1387 est
893 1320 1000 1387 malos
1012 1324 1102 1389 mala

78 1412 222 1475 facinora
245 1408 359 1475 edere?
394 1410 472 1494 quid
494 1412 571 1476 novi
594 1415 656 1495 est,
678 1411 707 1475 si
724 1411 873 1476 inimicus
890 1414 1004 1496 noaret,
1020 1412 1103 1477 ami·

78 1520 136 1564 eus
159 1499 305 1573 offendit,
324 1499 410 1563 filius
428 1500 561 1583 labitur,
579 1521 689 1565 servus
707 1499 841 1585 peceat?
874 1498 1101 1583 turpissimam

78 1587 186 1652 aiebat
220 1586 338 1652 Fabius
376 1589 562 1673 imperatori
603 1590 842 1654 exeusationem
882 1608 965 1654 esse:
1017 1588 1102 1657 ‘non
1116 1608 1139 1651 ιι

79 1676 216 1761 putari',
246 1699 306 1763 ego
335 1678 555 1762 turpissimam
584 1678 709 1743 homini
737 1682 826 1762 puto.
873 1677 984 1743 omnia
1009 1683 1101 1765 puta,

78 1770 226 1851 expecta:
249 1766 346 1831 etiam
368 1768 403 1832 in
425 1767 519 1832 bonis
541 1768 685 1832 moribus
707 1766 830 1851 aliquid
852 1766 987 1833 exsistat
1009 1788 1102 1855 sepe

42 1856 155 1920 orius.
199 1856 263 1921 fert
290 1857 432 1921 humana
459 1860 575 1921 natura
603 1856 775 1922 insidiosos
802 1855 942 1939 animos,
962 1855 1032 1923 fert
1052 1858 1102 1923 in·

78 1950 201 2031 gratos,
224 1946 286 2011 fert
309 1946 458 2030 cupidos,
478 1946 542 2010 fert
564 1946 690 2030 impios.
728 1966 801 2011 eum
823 1944 864 2009 de
885 1945 983 2011 unius
1002 1947 1102 2013 mori-

78 2036 139 2100 bus
157 2035 322 2119 iudieabis,
339 2035 378 2100 de
396 2035 535 2119 publicis
553 2035 669 2121 cogita.
701 2035 758 2099 ubi
776 2034 915 2099 maxime
932 2034 1103 2121 gaudebis,
1117 2054 1140 2096 ιι

79 2124 218 2188 maxime
248 2130 381 2189 metues.
426 2124 483 2188 ubi
511 2124 687 2208 tranquilla
715 2123 776 2188 tibi
802 2122 912 2188 omnia
936 2122 1101 2209 videntur,

80 2213 126 2275 ibi
142 2214 289 2278 nocitura
306 2234 373 2278 non
392 2213 508 2277 desunt
525 2214 580 2277 sed
599 2213 776 2297 quieseunt.
810 2234 938 2297 sempor
948 2212 1101 2281 19191919

79 2300 202 2384 aliquid
232 2301 318 2384 quod
346 2306 380 2365 te
409 2302 551 2366 offendat
579 2302 735 2366 existima.
780 2302 977 2388 gubernator
1005 2322 1102 2369 num-

79 2410 178 2472 quam
200 2390 246 2453 ita
263 2393 351 2454 totos
369 2390 458 2454 sinus
477 2411 606 2456 seourue
624 2390 792 2476 explieuit‚
809 2395 932 2456 utnon
949 2392 1101 2477 expedito

45 2479 121 2543 oud
154 2484 228 2542 cont
214 2476 405 2542 trahendum
437 2484 635 2545 armamenta
665 2481 856 2564 disponeret
907 2478 992 2545 illud
1024 2484 1101 2547 ante
1116 2498 1140 2540 ιι

80 2568 191 2631 omnia
208 2569 328 2653 cogita,
345 2567 472 2632 foedam
492 2590 559 2634 esse
579 2574 611 2634 et
596 2569 857 2635 texseorabilem
874 2568 942 2633 vim
959 2570 1101 2637 nouandi

79 2662 113 2721 et
145 2656 372 2721 alienissimam
400 2658 538 2742 homini,
570 2659 661 2723 ouius
689 2658 845 2724 beneficio
875 2658 974 2723 etiam
1003 2680 1101 2725 saeva

81 2750 317 2810 mansuescunt.
348 2746 455 2830 aspioe
473 2748 716 2831 elephantorum
735 2748 813 2834 iugo
829 2748 914 2813 oolla
925 2750 1101 2815 summissa

80 2848 113 2899 et
146 2838 311 2899 taurorum
339 2835 448 2918 pueris
476 2838 597 2920 pariter
626 2857 663 2902 ao
691 2836 821 2902 feminis
842 2836 1100 2921 persultantibus

80 2928 174 3010 terga
194 2925 325 3008 impune
347 2925 469 2989 ealeata
492 2930 524 2990 et
545 2926 687 3010 repentis
707 2926 792 2990 inter
807 2926 926 3010 poeula
942 2924 1101 3013 sinusque
1116 2942 1141 2985 ιι

80 3014 214 3078 innoxio
227 3014 321 3095 lapsu
335 3013 487 3079 dracones
502 3019 534 3078 et
547 3016 631 3079 intra
646 3014 777 3080 domum
790 3036 940 3080 ursorum
952 3016 1101 3083 leonum·

171 3207 204 3260 ll
224 3206 330 3260 nolit·
349 3207 408 3261 Aut
424 3206 701 3279 ignorantiamque.
717 3210 863 3277 9911011101)
883 3208 959 3277 111ος
977 3224 1032 3265 nos
1049 3212 1101 3265 aut

80 3279 232 3333 insolentia
251 3278 402 3332 iraoundos
419 3277 533 3333 iacit.
525 3280 688 3348 ignorantia
705 3296 798 3334 rerum
811 3280 875 3335 AL
889 3280 1016 3353 1110019,
1029 3296 1100 3339 m

82 3351 182 3409 Gertz
200 3350 396 3404 21900901
409 3352 503 3404 metue
513 3350 738 3420 6001,928010
737 3350 924 3405 lautorum..
935 3352 1102 3409 .iaurorum

81 3423 144 3476 AI,
162 3421 409 3492 910019(οο91111
428 3421 509 3476 Gertz
523 3422 598 3476 Plin.
614 3428 670 3477 root.
683 3369 746 3477 aiei.
761 3424 840 3477 VIII
848 3426 904 3491 2st
926 3428 954 3479 11
966 3422 1100 3481 Μαι-1801

88 3492 114 3543 1
128 3496 175 3561 31)
192 3496 386 3546 taurorum..
402 3491 641 3562 e.lephantorum
655 3494 779 3548 Haase
775 3492 965 3565 8119009111
846 3493 1101 3569 9009111Ιί990·

90 3562 203 3620 110000.
219 3562 267 3620 Α1
281 3572 309 3622 et
320 3533 458 3621 1101119
477 3565 614 3634 sinusque
629 3566 746 3635 Beatum
