2400 3840
337 684 378 757 n.
404 683 601 756 nunnus
629 681 854 756 ssuscnn

85 891 88 897 ’
176 860 651 960 DIALOGORVM
682 861 900 958 LIBER
928 861 1014 959 VI.

494 1034 537 1076 rr>
550 1032 698 1076 nnnomn

419 1158 468 1213 DE
487 1156 773 1215 CONSOLATIONE.

543 1306 650 1314 -α

175 1429 199 1495 l.
235 1429 310 1495 Nisi
332 1433 377 1513 te,
400 1428 535 1513 Marcia,
558 1430 672 1495 scirem
695 1433 761 1494 tam
782 1430 880 1515 longe
905 1429 945 1494 ab
973 1428 1105 1495 infirmi·
1125 1443 1139 1492 1

86 1523 152 1584 tate
175 1519 339 1585 muliebris
362 1518 462 1583 animi
485 1540 581 1602 quam
604 1540 624 1582 a
645 1519 759 1583 ceteris
781 1518 870 1584 vitiis
887 1520 1056 1585 recessisse
1074 1523 1106 1585 ct

87 1629 191 1673 mores
221 1611 294 1672 tuos
324 1609 413 1671 velut
442 1607 574 1691 aliquod
603 1607 771 1690 antiquum
800 1608 964 1691 exemplar
995 1609 1105 1694 aspici,

86 1717 153 1760 non
182 1695 331 1761 auderem
361 1696 489 1761 obviam
518 1696 565 1760 ire
592 1695 697 1760 dolori
719 1699 790 1778 tuo,
817 1696 869 1761 cui
891 1696 953 1759 viri
977 1718 1105 1781 quoque

55 1785 223 1853 slibenter
253 1785 386 1849 haerent
418 1787 450 1848 et
480 1784 649 1867 incubant,
678 1804 738 1847 nec
768 1805 858 1867 spem
887 1785 1105 1868 concepissem

86 1878 153 1939 tam
176 1873 288 1957 iniquo
311 1877 468 1958 tempore,
488 1876 556 1937 tam
574 1872 705 1936 inimico
725 1871 843 1955 iudice,
860 1875 927 1937 tam
945 1873 1104 1939 invidioso

87 1962 219 2029 crimine
237 1976 333 2048 posse
350 1983 402 2029 me
420 1962 559 2046 efficere,
577 1965 614 2025 ut
632 1960 795 2025 fortunam
812 1964 902 2024 tuam
915 1961 1104 2027 absolveres.

85 2052 236 2119 fiduciam
266 2051 347 2117 mihi
376 2051 464 2116 dedit
492 2051 694 2136 exploratum
723 2049 788 2115 iam
816 2049 915 2114 robur
944 2050 1044 2115 animi
1073 2056 1106 2116 et

86 2163 204 2228 magno
241 2142 458 2227 experimento
495 2139 672 2226 adprobata
702 2139 805 2206 virtus
836 2142 900 2204 tna
954 2160 1021 2204 non
1056 2145 1139 2206 esta

42 2261 68 2300 10
86 2231 247 2317 ignotum,
284 2232 412 2315 qualem
443 2234 475 2296 te
507 2231 542 2294 in
572 2249 711 2315 persona
741 2227 843 2314 patris
874 2228 924 2293 tui
959 2231 1105 2315 gesseris,

86 2342 181 2403 quem
212 2342 279 2386 non
309 2321 416 2386 minus
449 2340 545 2404 quam
573 2319 692 2384 liberos
722 2317 877 2401 dilexisti,
903 2321 1037 2404 excepto
1066 2340 1104 2384 eo

87 2409 173 2492 quod
191 2431 257 2474 non
276 2409 410 2493 optabas
428 2408 645 2494 superstitem3
662 2427 722 2473 neo
741 2407 807 2473 scio
826 2430 868 2473 an
884 2410 916 2472 et
930 2408 1104 2493 optaveris:

85 2498 244 2581 permittit
275 2498 360 2563 enim
392 2498 453 2564 sibi
485 2497 640 2582 quaedam
675 2499 788 2563 eontra
823 2497 946 2562 bonum
981 2518 1102 2563 morem

85 2607 203 2672 magna
228 2587 338 2671 pietas.
385 2592 522 2664 mortem
544 2585 582 2652 A.
597 2586 740 2652 Cremuti
763 2584 860 2652 Cordi
886 2587 1028 2671 parentis
1055 2588 1104 2651 tui

40 2706 66 2747 1⁵
85 2679 240 2760 quantum
276 2679 404 2759 poteras
441 2676 623 2760 inhibuisti3
658 2678 830 2760 postquam
861 2675 922 2741 tibi
954 2676 1105 2760 apparuit

84 2765 167 2830 inter
190 2761 377 2831 Seianianos
400 2765 553 2831 satellites
576 2765 666 2830 illam
688 2786 786 2830 unam
808 2768 917 2849 patore
940 2765 1103 2830 servitutis

83 2854 208 2940 fugam,
238 2875 305 2918 non
336 2853 447 2920 favisti
477 2855 613 2920 oonsilio
646 2854 727 2938 eius,
760 2854 815 2919 sed
844 2853 960 2919 dedisti
990 2875 1103 2918 manns

82 2943 168 3010 victa
197 2943 373 3029 fudistique
401 2943 550 3010 lacrimas
579 2942 687 3028 palam
717 2946 749 3008 et
776 2943 915 3030 gemitus
943 2942 1104 3007 devorasti

171 3101 209 3156 Ia
221 3100 272 3157 hoe
285 3099 356 3158 tetro
369 3106 480 3170 praem
493 3102 522 3157 A
540 3099 641 3158 codia's
653 3102 821 3170 scripturam
836 3117 851 3156 c
866 3099 959 3156 Gauri
972 3113 1102 3154 mmmcc-

81 3173 154 3228 turio
171 3173 267 3228 critico
285 3172 411 3229 ludiones
428 3189 533 3242 quoquc
546 3173 683 3241 memori
696 3172 798 3227 codices
811 3172 843 3226 F
852 3173 871 3226 i.
881 3188 902 3226 e.
913 3170 1104 3226 Laurentium·

77 3243 148 3314 plut.
165 3247 210 3311 76,
223 3249 270 3311 41,
286 3260 355 3300 socc.
370 3242 439 3312 XV,
456 3245 588 3313 quaetio
605 3244 665 3298 illic
681 3245 726 3299 cir
744 3243 839 3299 Mnus
856 3242 959 3296 attulit.

169 3349 188 3404 d
204 3348 319 3407 inimico
337 3352 377 3421 (m
394 3352 427 3406 io
444 3352 511 3420 rar.)
524 3350 553 3406 A
570 3350 581 3423 Η
602 3349 639 3405 1⁰
656 3349 687 3404 in
704 3364 826 3418 persona
843 3348 977 3405 edittae
995 3348 1001 3360 '
1017 3364 1041 3418 q.
1060 3346 1103 3401 in·

79 3436 228 3508 samonam
246 3422 275 3478 A
299 3421 310 3525 u
333 3421 370 3477 lo
391 3421 557 3506 Seianianos
579 3422 722 3507 'Auricolc‘
735 3420 905 3507 silslnicnos
922 3425 960 3475 ut
997 3420 1002 3433 '
1036 3419 1120 3475 ,ΑΜ

80 3492 253 3566 sullalmanos
267 3494 295 3548 A
328 3493 335 3567 1
355 3494 500 3549 servitutrs
515 3494 631 3552 Lacteus
649 3494 793 3550 semem
808 3493 838 3548 A
