2400 3840
330 178 390 238 ,DE
408 178 472 232 IRA
490 178 558 233 LIB.
573 177 619 234 III.
651 176 729 233 GAP.
746 184 836 234 11.12
1041 182 1103 249 121

85 328 263 391 humanum
286 324 328 390 sit
351 327 408 388 aut
429 345 493 390 uua
514 324 645 389 humile.
691 346 728 388 eo
752 346 812 389 uos
834 325 907 389 loco
932 325 1105 390 constitua·
1123 341 1139 388 3

86 437 167 499 mus,
186 434 250 498 quo
269 414 325 478 ille
339 417 388 479 est
401 413 454 478 eui
467 413 649 479 irascimur:
666 433 753 478 nunc
769 413 847 479 facit
860 435 920 478 nos
933 414 1104 480 iracundos

85 505 197 587 iniqua
218 503 323 568 nostri
346 503 526 568 aestimatio
555 505 587 566 et
614 522 695 586 quae
723 502 826 566 facere
853 503 1008 568 vellemus
1036 504 1105 587 pati

85 594 245 658 nolumus.
289 613 384 656 nemo
408 613 441 656 se
464 591 583 655 differt:
607 591 697 674 etqui
719 612 905 656 maxumum
928 592 1104 657 remedium
1123 609 1140 656 4

55 702 68 742 s
85 683 151 747 irae
182 682 293 746 dilatio
322 685 383 764 est,
410 685 448 744 ut
469 681 592 764 primus
616 681 684 745 eius
705 680 812 744 fervor
833 682 1055 766 relanguescat
1073 686 1105 747 et

85 771 190 856 caligo
228 792 309 854 quae
341 770 459 853 premit
494 773 634 834 mentem
666 773 722 833 aut
752 769 871 834 residat
907 773 963 833 aut
998 771 1104 836 minus

85 861 184 924 densa
198 860 248 924 sit.
281 859 437 942 quaedam
451 881 491 922 ex
508 859 568 942 his,
585 881 666 943 quae
680 861 712 922 te
725 858 933 941 praecipitem
952 859 1105 944 ferebant,

85 950 179 1032 hora,
201 970 268 1013 non
287 951 413 1012 tantum
433 947 500 1013 dies
518 948 656 1030 molliet,
675 948 831 1030 quaedam
850 970 890 1012 ex
902 951 973 1012 toto
993 971 1104 1014 evane-

85 1041 188 1122 scent3
219 1038 246 1102 si
268 1037 352 1101 nihil
374 1038 476 1122 egerit
502 1037 604 1120 petita
630 1037 814 1120 advocatie,
842 1037 1010 1121 apparebit
1039 1039 1103 1101 iam

40 1147 68 1187 rc
84 1127 240 1192 iudicium
273 1149 354 1209 esse,
384 1148 452 1191 non
483 1127 573 1190 iram.
620 1126 778 1209 quidquid
808 1126 897 1190 voles
935 1128 1029 1209 quale
1061 1128 1104 1190 sit

85 1217 179 1300 scire,
201 1217 340 1300 tempori
359 1216 462 1280 trade:
484 1215 568 1280 nihil
586 1214 757 1301 diligenter
776 1216 810 1279 in
829 1216 930 1280 fluctu
954 1216 1102 1281 cernitur.

83 1327 151 1370 non
172 1306 280 1389 potuit
302 1306 462 1390 inpetrare
483 1327 502 1368 a
520 1327 554 1370 se
572 1303 664 1369 Plato
683 1309 825 1389 tempus,
844 1326 918 1370 cum
937 1326 1029 1369 servo
1044 1327 1102 1370 suo
1122 1319 1138 1367 5

84 1395 285 1477 irasceretur,
309 1395 364 1460 sed
387 1416 506 1478 ponere
529 1395 622 1458 illum
651 1394 761 1458 statim
788 1395 931 1459 tunicam
960 1398 992 1458 et
1013 1417 1103 1479 prae·

83 1483 157 1548 bere
181 1485 327 1567 scapulas
345 1483 529 1549 verberibus
548 1483 643 1548 iussit
661 1506 719 1548 sua
736 1505 833 1547 manu
851 1485 920 1567 ipse
939 1504 1102 1566 caesurus,

40 1590 66 1631 1⁵
83 1575 256 1657 postquam
279 1573 438 1637 intellexit
465 1573 559 1637 irasci
587 1593 633 1654 se,
661 1573 745 1636 sicut
772 1573 945 1637 sustulerat
971 1595 1103 1638 manum

84 1682 272 1743 suspensam
295 1660 457 1725 detinebat
480 1664 512 1724 et
530 1661 635 1724 stabat
653 1683 842 1744 percussuro
862 1662 989 1745 similis3
1008 1663 1103 1727 inter·

84 1752 216 1832 rogatus
240 1748 353 1813 deinde
376 1750 416 1813 ab
440 1749 557 1831 amice,
585 1750 642 1832 qui
664 1750 748 1813 forte
771 1751 997 1834 intervenerat,
1025 1752 1104 1833 quid

85 1840 207 1922 ageret:
231 1836 357 1922 ‘exigo'
389 1837 495 1919 inquit
527 1837 658 1921 ‘poenas
691 1838 730 1901 ab
762 1838 893 1903 homine
929 1839 1103 1903 iracundo!

84 1926 175 1990 velut
195 1930 326 2010 stupens
345 1929 472 2012 gestum
491 1927 584 1989 illum
602 1925 754 1990 saevituri
771 1926 948 1991 deformem
967 1927 1103 2010 sapienti
1122 1943 1138 1990 o

38 2037 66 2076 ao
84 2016 155 2079 viro
186 2015 345 2100 servabat,
378 2015 498 2080 oblitus
530 2014 595 2078 iam
628 2015 725 2098 servi,
763 2015 838 2098 quia
870 2015 969 2079 alium
1007 2037 1102 2098 quem

84 2104 193 2188 potius
213 2105 384 2191 castigaret
401 2105 574 2169 invenerat.
601 2104 710 2187 itaque
734 2103 868 2168 abstulit
890 2103 952 2168 sibi
974 2104 1009 2167 in
1027 2126 1102 2170 suos

83 2197 276 2279 potestatem
304 2198 336 2259 et
359 2194 400 2259 ob
424 2197 592 2278 peccatum
616 2192 778 2275 quoddam
801 2194 1006 2258 commotior:
1034 2193 1103 2277 ‘tu'

83 2284 190 2366 inquit
213 2282 418 2368 ‘Speusippa
441 2283 603 2348 servulum
625 2283 725 2348 istum
743 2282 928 2348 verberibus
952 2282 1102 2369 obiurga3

82 2394 159 2436 nam
188 2394 247 2458 ego
276 2372 416 2439 irascor?
462 2373 503 2437 ob
525 2372 589 2437 hoc
615 2391 683 2436 non
705 2371 834 2455 oceidit,
856 2375 989 2456 propter
1015 2373 1137 2456 quodv

39 2480 65 2521 rs
83 2461 166 2525 alius
198 2462 371 2527 cecidisset.
427 2461 569 2526 ‘nascor'
596 2461 715 2546 inquit3
748 2460 832 2545 ‘plus
859 2461 976 2526 faciam
1005 2482 1101 2544 quam

84 2553 226 2633 oportet,
252 2551 404 2617 libentius
431 2551 561 2617 faciam:
588 2572 656 2615 non
683 2551 726 2617 sit
752 2551 813 2616 iste
843 2572 952 2615 servus
976 2551 1011 2614 in
1032 2551 1100 2615 eius

83 2641 242 2722 potestate
265 2641 322 2725 qui
344 2640 379 2704 in
401 2663 460 2705 sua
481 2662 548 2705 non
571 2639 639 2706 est’
676 2640 793 2724 aliquis
816 2640 887 2704 vult
909 2640 991 2704 irato
1016 2661 1101 2706 com·

83 2728 171 2791 mitti
192 2729 362 2813 ultionem,
385 2750 459 2795 cum
482 2728 575 2794 Plato
599 2729 661 2794 sibi
683 2730 752 2813 ipse
775 2729 946 2813 imperium
970 2730 1102 2815 abroga-

83 2816 189 2881 verit?
233 2817 317 2882 nihil
338 2819 400 2882 tibi
420 2819 531 2900 liceat,
560 2819 637 2882 dum
661 2818 814 2883 irasceris.
861 2817 980 2903 quare?
1026 2819 1102 2903 quia

38 2925 66 2965 eo
82 2907 132 2971 vis
156 2906 264 2971 omnia
285 2907 389 2973 licere.

172 3170 188 3224 1
207 3170 278 3225 utile
296 3177 346 3226 aut
363 3187 420 3224 non
437 3170 543 3226 humile
562 3170 697 3241 Madci9;
718 3172 767 3226 hoc
785 3172 908 3240 moduli
928 3171 970 3225 cel
989 3176 1102 3238 propter

82 3241 314 3297 adsimilatiouem
337 3242 444 3296 humile
465 3243 493 3296 A
517 3241 528 3314 d
553 3242 616 3297 dte
638 3258 660 3297 e.
674 3259 698 3296 o.
719 3242 866 3297 addiderat
887 3248 920 3296 ut
940 3241 996 3295 oid.
1015 3241 1100 3308 A¹·²,

81 3315 173 3369 casui
185 3315 302 3368 inscruit
310 3313 352 3369 A⁶
364 3313 375 3386 41
387 3313 406 3367 9
420 3313 510 3383 egerit
523 3314 560 3381 A,
573 3313 621 3368 scd
633 3314 750 3368 alterum
763 3329 779 3368 e
792 3329 814 3367 s.
823 3330 848 3367 o.
863 3312 927 3366 add.
941 3312 1005 3379 fort.
1015 3329 1050 3366 m.
1060 3314 1079 3365 2
1090 3309 1101 3384 ΙΙ

83 3383 119 3438 14
137 3400 189 3438 sua
206 3384 301 3457 malnu
315 3385 344 3440 A
361 3387 419 3455 (ma
436 3387 469 3439 io
485 3386 540 3452 fiac
558 3401 625 3440 vers.
639 3384 704 3438 add.
719 3387 796 3452 md)
817 3384 828 3455 ll
852 3383 888 3437 lo
910 3382 1100 3452 interrogatus

81 3456 111 3511 A
129 3457 224 3525 (gatus
241 3457 274 3510 iu
291 3472 346 3512 rae.
356 3456 445 3525 paulo
462 3457 567 3511 madore
584 3473 619 3510 m.
634 3457 661 3524 5)
679 3454 690 3526 Η
707 3453 744 3508 23
761 3471 844 3524 speus
862 3455 926 3523 ipse
938 3453 1049 3508 ututd..
1061 3454 1117 3513 ἑὲ,

83 3542 152 3583 corr.
167 3544 201 3581 m.
216 3529 234 3581 5
251 3526 315 3599 4124
334 3526 437 3581 cecidit
451 3526 501 3594 A¹,
519 3526 567 3583 sad
584 3527 600 3582 t
615 3531 715 3598 posteo
732 3543 819 3583 croac
837 3532 877 3580 est
