2400 3840
115 201 181 269 164
310 199 341 254 L.
355 196 498 252 ANNAEI
516 195 680 252 SENECAE
699 195 794 252 DIAL.
809 196 876 251 LIB.
890 194 937 251 VI.

112 345 176 410 trio
207 345 306 431 digna
334 347 431 427 atque
461 341 594 430 indigna
620 342 755 426 passuri.
801 341 990 427 corporibus
1012 342 1133 408 nostris

113 435 311 537 inpotenter,
347 433 593 535 contumeliose,
632 431 803 497 crudeliter
843 432 1028 534 abuteturr.
1051 432 1133 497 alios

113 522 581 696 h‘httffhthhhh
594 520 1134 695 thiaioshdithfihffah

112 701 194 765 alios
217 723 275 785 per
297 699 418 765 incerta
439 698 544 764 nudos
567 698 669 763 maria
691 697 823 764 iactabit
846 702 878 764 et
900 698 1040 764 luctatos
1059 720 1134 764 cum
1166 721 1179 761 s

112 789 264 855 fluctibus
295 811 336 854 no
368 789 403 854 in
434 789 586 854 harenam
617 787 746 871 quidem
778 791 835 852 aut
862 788 941 853 litus
973 788 1136 873 explodet,

113 879 169 944 aed
201 878 236 943 in
268 877 402 944 alicuius
438 876 602 943 inmensae
634 880 779 942 ventrem
814 876 927 941 beluae
964 876 1135 962 decondet3

111 969 193 1033 alios
225 968 411 1032 morborum
438 967 523 1031 varis
555 966 724 1052 generibus
752 969 947 1031 emaceratos
971 966 1027 1031 diu
1050 967 1135 1032 inter

112 1058 213 1121 vitam
244 1060 445 1140 mortemque
474 1055 597 1120 medios
628 1053 790 1120 detinebit.
837 1058 874 1119 ut
895 1055 985 1119 varia
1007 1058 1040 1119 et
1062 1054 1135 1121 libi·

113 1147 227 1212 dinosa
271 1145 569 1228 mancipiorumque
613 1164 745 1209 suorum
787 1144 961 1230 neglegens
1003 1144 1135 1210 domina
1154 1166 1179 1205 ro

113 1238 145 1300 et
168 1234 281 1320 poenis
304 1237 338 1299 et
359 1233 545 1298 muneribus
569 1233 695 1297 errabit.

78 1361 92 1408 1
202 1338 256 1404 XI.
295 1337 379 1416 Quid
410 1360 491 1423 opus
522 1342 570 1403 est
598 1342 705 1422 partes
736 1339 874 1404 deflere?
918 1343 989 1405 tota
1015 1339 1133 1404 flebilis

113 1430 180 1493 vita
203 1432 264 1492 est:
287 1429 448 1513 urgebunt
470 1448 555 1492 nova
577 1427 795 1512 incommoda,
813 1427 1002 1513 priusquam
1021 1430 1134 1493 veteri-

112 1518 172 1582 bus
192 1516 270 1582 satis
285 1516 409 1583 feceris.
446 1517 678 1581 moderandum
692 1520 741 1582 est
755 1517 864 1601 itaque
877 1518 971 1583 vobis
985 1518 1134 1601 maxime,

114 1627 194 1690 quae
224 1606 422 1671 inmoderate
451 1606 556 1690 fertis,
586 1609 618 1670 et
645 1605 680 1670 in
707 1607 826 1671 multos
850 1607 976 1672 dolores
998 1606 1134 1671 humani
1154 1628 1179 1669 rs

112 1696 252 1779 pectoris
276 1696 325 1760 uis
348 1695 568 1779 dispensanda.
611 1693 699 1772 Quae
722 1695 836 1759 deinde
854 1695 917 1760 ista
935 1717 1010 1761 suae
1028 1695 1134 1780 publi·

113 1806 232 1869 eaeque
270 1784 468 1850 condicionis
507 1784 628 1849 oblivio
668 1784 737 1849 est?
796 1784 942 1850 mortalis
977 1789 1054 1849 nata
1091 1807 1134 1868 es,

113 1875 265 1939 mortales
297 1874 464 1959 peperisti:
499 1879 594 1958 putre
623 1874 694 1958 ipsa
723 1873 923 1959 fluidumque
952 1894 1070 1959 corpus
1102 1878 1134 1939 et

113 1964 217 2030 causis
237 1963 261 2048 †
279 1964 408 2029 morbos
433 1964 570 2048 repetita
593 1963 729 2047 sperasti
746 1966 813 2027 tam
831 1963 982 2028 inbecilla
999 1963 1135 2028 materia

76 2072 93 2120 2
113 2055 217 2119 solida
240 2056 272 2117 et
295 2056 423 2119 aeterua
446 2051 608 2138 gestasse?
645 2051 780 2117 decessit
801 2052 887 2116 filius
906 2055 996 2136 tuus,
1018 2052 1051 2116 id
1075 2055 1133 2135 est,
1153 2074 1179 2114 ao

113 2142 294 2207 decucurrit
312 2142 352 2206 ad
370 2143 457 2206 hunc
475 2142 586 2224 finem,
605 2141 645 2204 ad
665 2163 761 2225 quem
775 2163 856 2226 quae
874 2141 1020 2206 feliciora
1037 2145 1133 2226 partu

112 2234 169 2294 tuo
201 2234 296 2315 putas
327 2233 511 2314 properant.
560 2229 623 2294 hoc
656 2230 761 2294 omnis
793 2231 856 2296 ista
886 2252 967 2316 quae
997 2230 1031 2295 in
1060 2231 1132 2295 foro

111 2318 233 2403 litigat,
263 2324 377 2401 spectet
406 2320 440 2382 in
469 2319 618 2402 theatris,
647 2319 682 2382 in
708 2319 838 2403 templis
867 2322 1016 2404 precatur
1038 2321 1134 2385 turba

202 2492 219 2546 5
237 2492 358 2547 iactabit
377 2506 394 2546 s
416 2492 537 2547 iactauit
550 2492 578 2546 A
602 2490 613 2564 Η
637 2492 655 2546 6
674 2508 707 2547 ac
725 2492 793 2547 litus
814 2493 896 2548 Gertz
917 2492 928 2566 [1
953 2492 1073 2548 ibelua
1091 2493 1133 2548 A¹

110 2580 180 2618 corr.
196 2567 263 2618 uu2
287 2562 299 2646 ΙΙ
321 2563 339 2619 8
356 2563 433 2617 uaris
447 2564 475 2618 A
493 2563 582 2616 uariis
600 2564 632 2618 F
651 2563 662 2638 11
685 2564 720 2619 11
744 2566 773 2619 et
796 2565 923 2635 (secundo
941 2565 1008 2634 loeo)
1026 2567 1059 2620 iu
1076 2582 1131 2620 rus.

112 2634 155 2690 Αβ
179 2634 182 2705 t
208 2633 316 2690 errabit
333 2648 350 2688 ς
373 2635 479 2690 errauit
496 2637 525 2689 A
547 2634 557 2706 Η
581 2634 617 2689 15
636 2651 708 2704 quae
727 2637 755 2690 A
772 2637 845 2704 quod
862 2653 956 2691 oerum
972 2637 1090 2704 uidetur,
1108 2639 1133 2691 si

110 2706 221 2775 quidem
239 2707 399 2761 mulieribus
416 2708 465 2762 hoe
478 2708 668 2775 prosapiam
687 2724 740 2776 pro
757 2713 854 2762 ueutro
869 2708 944 2776 plur.
958 2708 1040 2764 habet
1057 2709 1133 2780 Ellis

111 2777 163 2846 qui
181 2779 337 2832 Pincianus
358 2778 407 2846 qui
426 2793 460 2832 ea
479 2778 599 2848 Modoiq
624 2778 628 2850 1
656 2779 734 2833 etin
751 2778 855 2833 multos
875 2778 984 2834 dolores
1003 2792 1020 2832 ς
1043 2781 1072 2832 et
1090 2779 1133 2832 in-

111 2847 216 2902 multos
240 2850 269 2902 et
291 2848 431 2904 indolores
452 2850 480 2904 A
506 2850 535 2904 et
557 2849 588 2903 in
610 2851 701 2904 metus
725 2849 802 2904 etin
821 2849 931 2903 dolores
951 2866 1014 2905 cum
1031 2851 1133 2904 altiss

111 2936 169 2976 uou
183 2921 247 2974 heue
261 2920 380 2990 Madvig
394 2927 420 2976 et
433 2921 573 2977 Rossbach
589 2923 619 2975 et
630 2920 734 2974 multos
749 2920 836 2975 estin
850 2920 960 2975 dolores
974 2921 1111 2976 Schultess
1126 2921 1130 2992 1

112 2991 231 3046 humani
247 2991 369 3059 pectoris
385 2993 427 3046 vis
442 2993 561 3062 Mudotp
578 2992 696 3047 humani
714 2994 813 3060 pectus
827 2993 855 3047 A
873 2991 991 3046 humani
1009 2992 1132 3061 pectoris

112 3064 144 3118 F
155 3063 271 3118 feminei
283 3063 405 3132 pectoris
418 3063 507 3118 virtus
519 3063 655 3119 Schultess
667 3064 785 3118 humani
798 3064 921 3132 pectoris
934 3064 1024 3133 pestis
1033 3064 1111 3118 Ellis
1122 3063 1134 3135 ΙΙ

112 3135 148 3189 lo
167 3150 235 3190 suae
248 3135 276 3189 A
294 3136 362 3188 tuae
380 3148 398 3189 s
422 3134 425 3206 1
443 3134 478 3189 lc
497 3135 589 3189 causis
606 3135 718 3190 morbos
737 3135 873 3204 repetitas
887 3136 915 3190 A
934 3135 1027 3190 causis
1044 3136 1132 3189 omni-

112 3206 165 3261 bus
188 3206 311 3275 repetita
333 3223 358 3261 o.
372 3207 398 3261 d.
453 3208 490 3261 iet
515 3206 606 3260 earnis
629 3205 726 3260 morbo
749 3206 871 3275 repetita
895 3207 1015 3278 Madvig
1039 3207 1133 3261 carnis

112 3277 225 3333 morbos
244 3278 344 3333 sortita
359 3278 482 3348 Pfeuuu'y
499 3294 534 3332 ex
547 3277 639 3331 carnis
653 3276 751 3332 morbo
765 3278 865 3332 sortita
880 3279 1024 3349 Ktessliuq
1039 3279 1132 3332 causis

112 3365 147 3403 ao
164 3349 262 3404 morbo
280 3349 402 3418 repetita
421 3349 498 3404 Eth's
516 3349 608 3403 causis
626 3349 785 3403 morborum
804 3365 863 3418 rep.
880 3349 962 3405 Gertz
978 3348 982 3421 Ι
998 3348 1133 3404 inbecilla

112 3420 155 3475 Αι
177 3421 297 3492 (uirqulu
314 3427 412 3490 postea
430 3437 511 3476 eraso
529 3422 577 3489 est)
604 3419 614 3493 ΙΙ
640 3420 676 3474 20
699 3420 790 3475 solido
810 3420 852 3475 A⁶
879 3420 883 3492 1
913 3422 1036 3490 gestasse
1056 3421 1099 3476 A⁶
1124 3421 1134 3493 lt

106 3490 148 3542 22
162 3491 219 3545 hoe
236 3493 265 3562 (i,
277 3509 297 3548 e.
313 3493 383 3562 huc,
401 3493 451 3561 cfr.
466 3493 533 3547 dial.
550 3493 577 3547 V
589 3495 634 3558 21,
647 3493 675 3561 3)
689 3492 717 3546 A
739 3491 750 3563 ΙΙ
771 3490 807 3546 23
826 3493 938 3560 spectat
958 3493 1030 3561 quod
1051 3491 1133 3548 Gertz

90 3559 214 3617 addedd
228 3571 304 3632 post
326 3565 359 3622 in
389 3565 511 3623 theatris
545 3563 669 3640 (desidet
696 3564 830 3620 Erasmus
854 3563 969 3632 piandit
994 3564 1134 3636 Madvig),
