2400 3840
462 152 670 239 ramrnrro
1036 155 1075 211 ιιι

145 303 244 365 Huius
280 303 389 364 codicis
410 304 615 364 «Ambrosiani
650 308 715 365 tam
744 305 944 366 multifariam
974 309 1076 367 vexati

56 395 174 455 variam
208 392 379 468 lectionem,
415 395 452 453 ut
487 393 703 455 emendationis
738 394 936 455 certissimum
967 396 1075 456 funda·

56 485 191 543 mentum
214 484 244 542 et
266 484 389 542 unicum
411 483 472 542 fere
495 483 623 560 fontem,
647 482 735 544 Gertz
755 484 788 543 in
807 484 937 544 editione
957 503 1013 544 sua
1030 484 1076 545 ita

56 573 213 650 proponit,
235 575 271 631 ut
293 573 421 651 singulis
443 572 531 648 locis,
555 573 655 650 quoad
678 573 740 632 eius
762 573 829 632 fieri
846 576 979 651 poterat,
1002 575 1076 651 quid

55 662 154 739 prima
172 679 278 721 manus
302 660 483 738 scripsisset,
506 661 580 738 quid
602 662 780 739 posteriores
803 665 982 723 correctores
1005 663 1075 724 inda

56 751 235 827 effecissent,
271 768 389 810 summa
425 769 493 811 cum
524 770 596 812 cura
629 752 828 812 adnotaverit.
865 772 941 829 quae
975 753 1076 813 omnia

55 842 189 916 repetere
208 795 247 898 ab
264 840 354 899 huius
373 839 512 900 editionis
530 839 653 900 consilio
672 841 805 900 alienum
826 844 903 900 erat.
925 843 1076 917 permulta
1133 858 1135 862 ’

55 929 199 988 nimirum
219 928 258 988 ad
276 929 495 989 emendandum
514 920 642 990 Senecae
661 948 827 990 sermonem
849 930 963 990 nullius
986 931 1076 1008 pretii

57 1037 134 1094 esse,
157 1020 184 1079 si
209 1017 322 1079 Gertaii
345 1020 557 1096 apparatum
547 1021 724 1096 inspexeris,
751 1021 817 1096 ipse
838 1018 994 1081 iudicabis
1040 1038 1075 1079 ac

56 1110 188 1186 primum
226 1107 346 1184 quidem
381 1107 528 1168 minutias
564 1108 634 1168 illas
671 1107 918 1187 orthographicas
955 1108 1075 1168 silentio

56 1199 246 1275 praetermisi
274 1199 328 1257 aut
355 1198 446 1256 semel
472 1216 593 1257 monere
621 1199 695 1258 satis
722 1197 829 1273 habui,
856 1197 916 1257 nisi
939 1197 1021 1275 quod
1041 1197 1074 1258 in

55 1287 218 1366 dialogisl
241 1289 272 1346 et
289 1286 334 1362 II,
360 1288 397 1345 ut
424 1288 460 1346 de
486 1287 543 1347 hac
573 1306 693 1364 quoque
719 1307 752 1346 re
778 1287 882 1364 paullo
906 1289 1074 1347 accuratius

54 1377 187 1436 iudicare
214 1394 328 1453 posses,
357 1395 393 1435 ea
415 1394 476 1435 non
498 1376 600 1436 omnia
622 1376 743 1437 exclusi.
785 1395 882 1452 neque
905 1376 1018 1436 talibus
1040 1378 1075 1436 ut

55 1467 158 1526 inutili
181 1465 298 1526 sarcina
321 1468 502 1542 apparatum
524 1466 649 1543 implere
672 1465 805 1525 animum
826 1464 944 1542 induxi,
966 1467 1002 1524 ut
1024 1465 1076 1525 ad·

54 1556 204 1630 notarem,
232 1554 341 1633 quibus
364 1555 437 1615 locis
460 1556 538 1625 iiiut,
568 1559 611 1625 at,
640 1555 744 1628 adqui,
773 1556 847 1628 quii,
876 1573 952 1631 quae
977 1556 1075 1632 prima

54 1662 161 1703 manus
197 1645 371 1719 scripserat,
410 1645 539 1704 secunda
575 1647 631 1705 aut
667 1644 815 1704 recentior
842 1644 875 1702 in
903 1644 991 1713 iilud,
1025 1644 1073 1713 ad,

56 1733 150 1803 atqui,
175 1732 245 1804 quid
268 1731 442 1793 correxisset
464 1735 518 1792 aut
536 1733 677 1805 quidquid
698 1733 731 1792 in
754 1732 902 1808 quicquid,
925 1733 1020 1792 coitus
1042 1734 1075 1792 in

55 1820 162 1888 aulius,
187 1820 319 1892 adfectus
341 1819 373 1878 in
394 1823 515 1892 affectas
537 1823 724 1898 mutavisset.
762 1822 867 1881 deindo
886 1840 922 1880 ea
945 1824 1075 1899 praeter·

54 1908 99 1968 ire
132 1927 180 1968 me
213 1926 301 1985 posse
331 1908 483 1985 ridebam,
518 1929 594 1986 quae
621 1910 689 1986 ipsa
717 1904 761 1968 Α1
793 1910 1018 1986 emendaverat,
1048 1912 1075 1970 si

55 1997 176 2074 quidem
194 2000 308 2057 certum
322 2000 395 2074 erat,
414 2017 480 2058 eam
498 1998 595 2075 primo
614 1999 751 2075 paullum
764 1999 962 2058 declinantem
976 1999 1075 2076 ipsam

54 2106 86 2148 se
114 2086 290 2163 correxisse,
318 2087 402 2148 velut
428 2108 457 2164 p.
473 2088 577 2164 28,22
605 2089 717 2147 amium
743 2108 779 2148 ex
805 2089 915 2147 uictam
943 2090 984 2147 26
1009 2089 1074 2148 iibi-

53 2177 151 2237 d'mosi
183 2193 297 2236 amores
329 2196 365 2236 ex
397 2177 535 2236 libidines
566 2195 692 2247 amores,
725 2178 829 2253 51,18
859 2194 1007 2236 morosum
1038 2198 1074 2236 ex

52 2283 197 2343 mcum,
227 2267 329 2341 77,21
355 2267 405 2325 iiic
427 2286 462 2326 ex
489 2267 554 2342 iiio,
583 2267 663 2343 79,3
688 2267 890 2340 aequiorisque
912 2286 948 2326 ex
970 2284 1074 2340 acquo-

53 2356 153 2431 risquc
174 2347 291 2435 (littera
309 2356 321 2415 i
344 2375 367 2416 s.
381 2376 409 2416 v.
433 2355 550 2431 addita,
574 2355 654 2432 quod
677 2358 783 2433 postea
800 2347 845 2414 ,4⁵
865 2356 912 2415 ita
933 2357 1074 2431 mutavit,

53 2445 89 2503 ut
115 2444 225 2504 litteris
250 2435 389 2518 wicque
413 2445 505 2504 erasis
534 2445 684 2518 latorisque
711 2445 744 2504 in
765 2464 903 2505 rasuram
925 2437 1074 2526 inferret),

56 2533 161 2609 93,14
185 2534 316 2593 caedem
337 2553 372 2593 ex
395 2535 533 2610 coaddit,
559 2536 662 2610 129,ss
687 2535 843 2594 iatrocinia
865 2554 901 2593 ex
921 2534 1073 2602 latrocini,

57 2623 161 2698 148,6
181 2623 288 2682 bonore
311 2643 347 2682 ex
368 2624 450 2693 bore,
475 2625 598 2698 271,st
620 2625 688 2683 duci
711 2628 737 2682 ic
758 2625 834 2682 iussi
857 2643 893 2683 ex
915 2623 995 2682 ducii
1012 2623 1075 2696 ejus

53 2713 94 2782 si,
134 2712 237 2788 356,6
271 2713 417 2787 conchylio
453 2731 489 2772 ex
526 2713 663 2787 occipite,
702 2713 828 2787 360,32
862 2729 1008 2771 cucurum
1039 2731 1075 2770 ex

55 2819 180 2861 usurum
207 2802 287 2877 sim,
316 2820 371 2861 nec
398 2801 459 2860 scio
487 2821 527 2860 an
553 2802 642 2878 plura
669 2801 733 2862 eius
762 2802 879 2879 generis
908 2800 1074 2860 omittenda

54 2891 175 2950 fuerint.
209 2909 269 2950 non
293 2892 393 2951 minus
417 2891 455 2949 ab
474 2890 668 2951 adnotatione
687 2910 722 2950 ea
740 2889 866 2964 exclusi,
893 2909 972 2966 quae
994 2893 1073 2949 recte

55 2979 176 3057 quidem
203 2981 317 3057 scripta
343 2981 449 3057 postea
475 2981 554 3039 male
582 2982 714 3041 correcta
741 2981 825 3055 sunt,
854 2981 938 3039 velut
964 2980 1074 3038 umeris

52 3070 87 3129 in
104 3069 242 3144 humeris,
266 3070 391 3143 epistula
408 3069 441 3127 in
460 3070 589 3144 epistola,
613 3071 756 3129 dammis
773 3068 804 3126 in
824 3070 995 3144 dampnum,
1014 3086 1073 3127 acc.

53 3159 229 3218 bemmatis
242 3159 275 3217 in
288 3159 479 3228 immortates,
503 3160 649 3218 suacium
665 3159 698 3217 in
716 3158 877 3227 amacium,
897 3159 1073 3217 thensaurus

53 3249 87 3307 in
105 3248 274 3323 thesaurus,
291 3245 462 3325 formonsus
480 3248 513 3306 in
530 3248 677 3320 formosus
695 3247 806 3306 similia
823 3248 929 3306 multa.
959 3245 1070 3304 Eorum

54 3355 140 3413 vero,
168 3356 245 3414 quaa
277 3328 322 3395 A⁵
352 3337 484 3397 mutavit
515 3339 569 3396 aut
599 3337 701 3413 potius
733 3337 879 3412 corrupit,
911 3335 1073 3393 maximam

54 3428 174 3504 partem
200 3425 387 3487 abiciendam
413 3425 505 3486 fuisse
533 3426 582 3486 vel
609 3446 644 3484 ex
671 3426 713 3486 eis
738 3422 908 3502 apparebit,
936 3442 1013 3501 quae
1037 3425 1072 3483 de

54 3515 144 3576 huius
173 3534 280 3577 manus
310 3534 402 3592 opera
431 3534 523 3592 supra
552 3515 657 3591 attuli,
688 3534 743 3574 nec
776 3533 962 3590 quemquam
986 3531 1083 3586 spero
