2400 3840
107 195 159 250 AD
172 195 347 251 SERENVM
356 197 406 251 DE
415 196 737 263 TRANQVILLITATE
746 197 853 252 ANIMI
866 196 942 252 GAP.
952 204 993 253 16.
1003 205 1035 253 17
1060 201 1102 265 27
1105 200 1126 266 5

107 342 194 426 quod
216 346 267 407 tot
289 343 388 408 clavis
412 343 599 428 configitur,
622 347 678 408 aut
697 341 863 427 Catonem,
886 345 973 429 quod
995 345 1128 411 volnera

106 431 243 496 coluerat
274 431 354 498 sua?
405 454 515 498 omnes
542 431 597 497 isti
625 432 691 497 levi
719 433 874 517 temporis
905 433 1051 518 impensa
1079 434 1126 498 in·

106 524 276 602 venerunt,
308 521 469 605 quomodo
503 521 623 585 aeterni
654 521 782 605 fierent,
814 525 846 586 et
877 523 917 587 ad
948 522 1126 588 inmortali-

106 613 205 675 tatem
227 609 393 675 moriendo
416 614 581 675 venerumt.

74 737 86 776 c
194 714 297 782 XVII.
333 716 395 781 Est
426 720 459 781 et
488 716 546 781 illa
577 716 831 782 sollicitudinum
859 740 927 783 non
955 717 1158 784 mediocrisr

105 806 253 888 materia,
284 805 312 869 si
344 809 376 870 ts
408 805 501 871 anxie
533 825 706 890 componas
738 828 798 872 nec
828 807 905 871 ullis
937 807 1126 890 simpliciter

105 894 267 977 ostendas,
296 894 399 978 qualis
422 896 599 960 multorum
622 896 689 960 vita
712 900 773 979 est,
800 896 889 980 ficta,
917 896 1126 960 ostentationi

104 986 229 1066 parata3
252 987 382 1067 torquet
399 985 485 1049 enim
503 984 637 1049 adsidua
655 985 835 1050 observatio
850 986 901 1050 sui
920 988 952 1049 et
970 984 1124 1068 deprendi

104 1071 198 1136 aliter
227 1094 264 1138 ac
296 1074 379 1138 solet
407 1073 530 1138 metuit.
580 1095 640 1138 nec
669 1096 823 1158 umquam
853 1095 930 1139 cura
959 1073 1124 1157 solvimur,

60 1183 86 1223 ιο
103 1161 159 1226 ubi
177 1163 296 1227 totiens
314 1184 374 1228 nos
393 1162 555 1228 aestimari
572 1166 723 1246 putamus
743 1164 892 1247 quotiens
911 1163 1027 1247 aspici3
1048 1183 1124 1227 nam

103 1254 137 1315 et
158 1252 261 1316 multa
283 1252 442 1336 incidunt,
470 1273 552 1336 quae
574 1253 694 1317 invitos
718 1252 893 1336 denudent,
915 1255 960 1335 et,
983 1254 1020 1316 ut
1042 1250 1124 1316 bens

103 1340 194 1405 cedat
225 1345 316 1406 tanta
348 1341 398 1407 sui
430 1341 612 1427 diligentia,
646 1363 714 1406 non
745 1345 854 1407 tamen
884 1341 1025 1406 iucunda
1056 1340 1125 1407 vita

102 1433 158 1493 aut
181 1451 292 1495 secura
315 1435 364 1495 est
387 1452 513 1514 semper
535 1430 595 1495 sub
618 1452 756 1516 persona
777 1432 964 1496 viventium.
1011 1434 1045 1494 at
1066 1430 1158 1495 illan

102 1522 259 1602 quantum
291 1519 389 1583 habet
417 1519 594 1602 voluptatis
625 1520 748 1585 sincera
778 1525 810 1585 et
838 1543 897 1605 per
919 1542 952 1586 se
975 1519 1124 1584 inornata

58 1627 83 1666 ιε
102 1607 305 1690 simplicitas,
327 1608 411 1671 nihil
434 1607 609 1673 obtendens
632 1609 775 1673 moribus
794 1610 873 1674 suist
911 1610 999 1675 subit
1015 1612 1124 1672 tamen

102 1699 134 1758 et
156 1696 236 1760 haec
258 1696 325 1758 vita
348 1699 551 1780 contemptus
573 1697 767 1780 periculum,
790 1698 818 1761 si
841 1698 950 1763 omnia
973 1697 1122 1763 omnibus

101 1786 227 1867 patent3
263 1787 340 1848 sunt
376 1785 461 1849 enim
498 1785 554 1868 qui
590 1786 757 1850 fastidiant
798 1786 951 1870 quicquid
988 1785 1122 1869 propius

102 1871 257 1936 adierunt
307 1873 364 1938 sed
392 1895 452 1939 nec
480 1874 595 1938 virtuti
623 1875 803 1958 periculum
833 1879 894 1956 cst,
923 1897 963 1938 ne
994 1873 1123 1938 admota

103 1960 204 2026 oculis
234 1961 417 2046 revilescat,
449 1966 482 2027 et
510 1962 610 2029 satius
641 1967 690 2029 est
721 1963 926 2047 simplicitate
959 1962 1123 2028 contemni

57 2070 83 2111 so
101 2071 199 2134 quam
229 2055 384 2136 perpetua
413 2051 617 2117 simulatione
648 2053 801 2136 torqueri.
851 2052 984 2117 modum
1013 2055 1123 2116 tamen

100 2139 148 2204 rei
170 2139 392 2206 adhibeamus:
421 2142 562 2206 multum
584 2143 731 2225 interest,
754 2139 945 2224 simpliciter
966 2140 1056 2205 vivas
1080 2160 1122 2205 an

100 2229 315 2316 neglegenter.
361 2231 500 2296 multum
531 2235 563 2296 et
591 2230 627 2295 in
656 2253 689 2296 se
717 2229 929 2296 recedendum
957 2233 1019 2313 est;
1046 2242 1156 2294 con-3

99 2319 238 2384 versatio
262 2320 347 2384 enim
370 2319 574 2386 dissimilium
597 2321 678 2385 bene
701 2320 882 2403 composita
904 2317 1065 2384 disturbat
1087 2322 1120 2383 et

99 2411 233 2472 renovat
260 2408 404 2474 adfectus
432 2414 465 2474 et
488 2410 642 2494 quicquid
664 2409 850 2474 inbecillum
872 2407 908 2472 in
930 2408 1037 2473 animo
1060 2428 1121 2473 nec

55 2517 81 2557 as
99 2499 304 2579 percuratum
340 2502 390 2563 est
426 2499 596 2564 exulcerat.
647 2497 811 2563 miscenda
845 2499 955 2562 tamon
989 2497 1052 2563 ista
1088 2500 1121 2561 et

100 2584 287 2649 alternanda
305 2590 393 2670 sunt,
416 2587 556 2652 solitudo
576 2591 608 2653 et
626 2586 820 2670 frequentia:
837 2586 894 2651 illa
911 2585 1004 2651 nobis
1022 2585 1120 2651 faciet

99 2672 268 2739 hominum
286 2674 478 2741 desiderium
483 2728 492 2762 ‚
510 2676 590 2742 haec
608 2676 725 2758 nostri,
743 2679 775 2741 et
793 2674 854 2741 erit
872 2676 973 2741 altera
987 2674 1119 2739 alterius

99 2761 290 2847 remedium
327 2764 436 2829 odium
473 2766 586 2831 turbae
623 2764 750 2830 sanabit
785 2764 941 2849 solitudo,
976 2763 1118 2829 taedium

84 2850 282 2917 *solitudinis
309 2854 412 2918 turba.
457 2876 517 2920 nsc
543 2855 578 2920 in
605 2855 715 2920 eadem
742 2853 920 2920 intentione
943 2852 1155 2936 aequalitem

186 3063 205 3117 2
227 3063 354 3118 vulnerat
381 3065 445 3119 add.
469 3066 610 3121 Rossbach
634 3067 693 3121 coll.
715 3066 782 3121 dial.
803 3067 916 3133 1411
941 3070 1008 3119 ectr.
1031 3063 1119 3118 iterat

98 3135 196 3190 Haase
209 3148 302 3221 cuens
319 3135 432 3190 fortiter
446 3135 515 3190 tulit
521 3136 568 3220 ·A⁶
580 3138 612 3192 ic
625 3154 710 3208 maro.
725 3136 893 3262 adamicatd
915 3135 985 3240 oriris
1002 3133 1052 3188 isti
1066 3137 1094 3188 A

98 3204 116 3258 6
140 3222 192 3261 nec
214 3206 291 3271 urlhs
312 3206 376 3335 A&
401 3206 418 3261 9
441 3209 544 3263 metult
562 3210 591 3263 A
615 3211 741 3264 metuere
762 3209 843 3264 malet
892 3213 960 3274 ortt,
985 3207 1035 3273 cfr.
1061 3205 1088 3260 U

98 3283 199 3346 quam.
221 3279 281 3334 crit.
302 3280 334 3334 in
376 3280 468 3334 .dc'cl.
487 3281 565 3334 Dios.
580 3281 725 3351 Amastor.
746 3284 817 3335 1889
835 3282 916 3349 1243
940 3277 951 3350 t!
978 3277 1014 3332 14
1035 3290 1117 3345 perse

97 3348 229 3403 inornata
247 3351 275 3405 A
299 3366 351 3418 per
373 3367 403 3406 se
426 3353 527 3405 ornata
545 3363 563 3404 s
584 3357 609 3406 et
630 3352 699 3422 colo.
723 3368 836 3420 prorsus
856 3350 989 3404 inornata
1009 3347 1090 3403 (dms
1106 3346 1118 3420 tl

98 3418 134 3473 15
152 3419 307 3476 obtendens
325 3439 412 3493 maro.
427 3423 489 3477 edit.
504 3421 631 3478 Eresos.¹
644 3429 669 3477 et
682 3438 715 3478 co
744 3464 750 3477 .
765 3421 908 3493 obedilens
922 3421 952 3476 A
964 3419 975 3492 tt
989 3419 1025 3474 18
1039 3417 1116 3473 adio·

98 3491 165 3543 runt
181 3493 249 3562 colu.
269 3493 421 3548 audierunt
433 3496 462 3549 A
479 3494 612 3548 viderunt
626 3424 743 3566 Gertzll
756 3492 792 3547 22
809 3491 1030 3548 τθοοᾱθιιᾶωιις
1046 3490 1122 3542 rect-

99 3561 222 3616 dendum
236 3565 264 3619 A
281 3563 292 3636 Η
309 3563 345 3618 26
364 3566 430 3619 sunt
447 3566 516 3638 colq.
536 3564 595 3621 sint
609 3565 639 3621 A
653 3564 670 3640 tt
680 3563 718 3620 st
738 3563 868 3618 alteras
885 3561 982 3615 usse
995 3561 1027 3610 A

884 3663 942 3718 ts*
