2400 3840
98 189 162 255 124
299 186 328 238 a.
344 183 486 265 ausam
503 182 668 239 snuaoaa
687 184 782 239 arun.
796 183 863 238 na.
878 182 912 242 u.

95 333 192 397 modo
216 353 250 395 se
272 334 364 414 pater
387 352 495 417 gerere
518 330 662 395 debuerit
685 333 772 396 stane
796 352 892 414 super
914 330 1049 396 cadaver
1067 332 1115 397 fili

96 422 147 488 sui
170 420 362 503 caedemque
385 420 490 504 illam,
518 419 609 484 cuius
639 423 672 484 et
698 420 789 485 testis
816 419 922 484 fuerat
950 424 983 485 et
1006 441 1114 487 causa:

96 510 129 574 id
153 509 191 574 de
215 530 278 593 quo
308 530 395 574 nunc
422 509 530 594 agitur
556 511 700 592 apparet,
724 509 805 572 iram
829 509 988 593 supprimi
1010 531 1114 594 posse.

60 614 162 664 onon
185 599 268 663 male
290 597 373 662 dixit
394 598 477 684 regi,
499 598 626 661 nullum
649 597 756 662 emisit
777 618 818 663 ne
842 598 1022 664 calamitosi
1046 601 1115 685 qui-

96 688 169 753 dem
198 687 347 771 verbum,
376 709 450 753 cum
480 707 579 770 aeque
609 707 665 752 cor
697 708 791 751 suum
821 708 918 771 quam
941 687 991 752 fili
1012 691 1115 754 trans-
1145 705 1155 746 ⁶

95 777 197 841 fixum
215 777 345 841 videret.
378 779 486 861 potest
503 775 568 841 dici
586 776 700 840 merito
720 776 889 841 devorasse
906 776 1017 858 verba3
1039 799 1116 842 narn

96 867 125 932 si
148 867 225 950 quid
247 869 413 950 tamquam
436 866 536 929 natus
560 865 701 948 dixisset,
728 864 813 929 nihil
835 867 1000 949 tamquam
1022 870 1116 950 pater

60 955 198 1020 efacere
231 955 397 1038 potuisset.
443 957 563 1038 potest,
586 954 733 1038 inquam,
755 953 857 1018 videri
880 954 1057 1039 sapientius
1082 978 1115 1021 se

94 1043 129 1108 in
147 1044 205 1109 illo
224 1066 300 1111 casu
320 1043 468 1130 gessisse,
492 1064 588 1126 quam
606 1064 680 1107 curn
700 1043 739 1108 de
756 1042 890 1127 potandi
909 1043 1006 1109 modo
1024 1066 1115 1128 prae

95 1133 216 1218 ciperet
233 1133 325 1216 <ei>,
349 1155 444 1217 quem
468 1133 568 1197 satius
591 1136 660 1196 erat
677 1132 789 1196 vinum
809 1153 905 1215 quam
924 1134 1157 1218 sanguinem1⁰

93 1223 215 1306 bibere,
239 1223 330 1287 cuius
348 1242 462 1286 manus
481 1221 606 1305 poculis
625 1222 776 1304 occupari
794 1243 859 1305 pax
876 1225 957 1286 erat:
980 1224 1116 1288 accessit

94 1312 203 1394 itaque
227 1311 267 1376 ad
284 1332 454 1375 numerum
473 1331 598 1392 eorum,
621 1311 678 1393 qui
696 1311 822 1396 magnis
842 1311 986 1376 cladibus
1010 1316 1115 1377 osten·

95 1400 223 1484 derunt,
249 1400 362 1483 quanti
385 1402 569 1464 constarent
591 1421 704 1484 regum
728 1400 839 1465 amicis
861 1399 947 1464 bona
969 1402 1115 1466 consilia.

60 1522 74 1569 1
183 1506 253 1572 XV.
286 1504 364 1571 Non
386 1505 498 1570 dubito
523 1507 602 1590 quin
623 1505 795 1591 Harpagus
820 1527 947 1590 quoque
970 1507 1035 1571 tale
1058 1508 1116 1572 ali·

95 1594 173 1680 quid
195 1595 265 1681 regi
283 1617 341 1660 suo
361 1593 593 1679 Persarumque
617 1596 765 1678 suaserit,
789 1615 853 1678 quo
877 1596 1017 1662 offensus
1035 1597 1115 1662 libe·
1134 1613 1157 1654 1⁶

94 1707 147 1750 ros
166 1686 216 1749 illi
234 1683 410 1768 epulandos
434 1684 585 1768 adposuit
607 1687 640 1750 et
662 1682 796 1749 subinde
815 1685 963 1769 quaesiit,
987 1707 1028 1749 an
1047 1687 1116 1771 pla·

94 1777 180 1839 eeret
209 1773 392 1857 conditura;
417 1773 530 1838 deinde
559 1778 597 1838 ut
626 1774 703 1839 satis
735 1774 828 1837 illum
857 1774 989 1857 plenum
1019 1776 1115 1841 malis

95 1863 161 1929 ruis
191 1863 286 1946 vidit,
318 1862 436 1926 adferri
466 1864 573 1947 capita
602 1863 734 1928 illorum
763 1862 858 1928 iussit
887 1865 920 1927 et
950 1864 1113 1946 quomodo

94 1956 177 2019 esset
196 1955 344 2036 acceptus
363 1952 581 2038 interrogarit.
608 1974 675 2017 non
689 1951 858 2017 defuerunt
876 1952 992 2017 misero
1006 1954 1114 2037 rerba,

93 2064 160 2106 non
183 2065 218 2108 os
242 2041 417 2108 concurrit:
441 2041 532 2125 ‘aput
553 2040 674 2126 regem’
696 2041 803 2125 inquit
826 2040 941 2107 ‘omnis
965 2063 1045 2106 cena
1068 2043 1115 2107 iu·
1132 2060 1158 2100 rc

58 2131 199 2195 acunda
221 2131 290 2197 est?
333 2131 410 2214 quid
439 2131 500 2196 hac
527 2130 710 2194 adulatione
740 2129 900 2212 profecit?
943 2149 993 2195 ne·
1007 2130 1049 2195 ad
1067 2154 1114 2197 re·

93 2219 211 2302 liquias
229 2221 427 2284 invitaretur.
468 2240 535 2282 non
552 2221 626 2283 veto
645 2222 770 2301 patrem
789 2219 939 2284 damnare
957 2220 1043 2306 regis
1063 2222 1115 2286 sui

93 2307 230 2390 factum,
253 2329 320 2371 non
338 2312 412 2372 veto
436 2328 587 2390 quaerere
610 2307 741 2391 dignam
763 2311 831 2371 tam
853 2309 938 2373 troci
960 2312 1113 2392 portento

93 2417 244 2480 poenam,
277 2397 332 2462 sed
361 2397 424 2460 hoc
451 2395 580 2460 interim
603 2395 737 2481 colligo,
764 2418 858 2480 posse
881 2397 978 2461 etiam
1003 2420 1043 2463 ex
1066 2400 1114 2463 in-

95 2485 243 2571 gentibus
266 2485 360 2550 malis
392 2487 576 2550 nascentem
608 2485 689 2549 iram
716 2485 869 2551 abscondi
896 2489 929 2551 et
951 2485 992 2551 ad
1014 2488 1114 2552 rerba
1132 2505 1157 2547 re

59 2574 255 2640 acontraria
281 2573 344 2638 sibi
370 2574 452 2659 cogi.
501 2574 680 2639 necessaria
706 2575 770 2639 ista
796 2577 846 2640 est
873 2575 992 2640 doloris
1016 2577 1113 2641 refre-

93 2663 195 2746 natio,
218 2663 330 2747 ntique
353 2663 416 2727 hoc
439 2662 561 2728 sortitis
579 2663 664 2727 vitae
684 2685 784 2749 genus
807 2667 840 2728 et
858 2665 899 2728 ad
917 2665 1039 2750 regiam
1059 2666 1113 2731 ad-

93 2751 204 2817 hibitis
228 2773 385 2817 mensam:
413 2752 459 2817 sic
482 2755 570 2816 estur
592 2752 678 2835 apud
705 2753 793 2836 illos,
822 2753 868 2818 sic
897 2753 1032 2838 bibitur,
1065 2756 1113 2820 sic

93 2842 316 2924 respondetur,
334 2841 500 2906 funeribus
519 2842 585 2906 suis
600 2841 808 2906 adridendum
823 2845 878 2907 est.
908 2865 949 2906 an
967 2845 1051 2907 tanti
1069 2845 1114 2910 sit

93 2931 161 2994 vita
182 2931 375 2996 videbimus:
403 2931 467 2994 alia
488 2929 551 2995 ista
574 2930 718 3014 quaestio
743 2934 798 2996 est.
844 2952 910 2995 non
933 2932 1113 2998 consolabi-
1131 2953 1158 2994 ro

93 3042 166 3084 mur
197 3023 265 3084 tam
292 3019 383 3084 triste
413 3020 624 3105 ergastulum,
658 3041 725 3084 non
757 3019 999 3085 adhortabimur
1028 3021 1112 3087 ferre

182 3196 200 3250 ὅ
220 3194 340 3264 filjtrans
358 3194 444 3248 fixum
466 3201 499 3250 ut
514 3195 569 3250 eid.
585 3194 627 3249 Αι
645 3194 697 3249 filii
714 3195 879 3249 transfixum
893 3195 935 3250 A⁶
955 3196 967 3269 ΙΙ
991 3196 1009 3250 6
1032 3212 1113 3251 nam-

91 3268 181 3393 ltust
194 3266 278 3392 ab?
296 3283 415 3393 aas
433 3265 553 3391 adli
565 3267 602 3392 t
614 3266 796 3392 idm?
815 3266 825 3338 ¹*
835 3266 1006 3393 istut
1025 3284 1113 3395 ⁰223

92 3410 121 3464 A
138 3339 206 3482 ‚id
223 3354 374 3479 Hadpagus
392 3356 550 3465 rimarer
569 3379 704 3476 samnis
718 3409 746 3463 A
769 3408 779 3482 q
801 3355 836 3463 ab
855 3356 932 3464 aad
948 3383 1009 3465 aa
1026 3357 1112 3468 deero

93 3479 142 3547 ΑΙ,
161 3497 195 3535 ex
212 3482 292 3552 cuiue
308 3481 448 3549 acaptare
465 3481 572 3536 litterae
590 3494 619 3533 es
635 3521 640 3533 .
657 3522 663 3533 .
678 3498 693 3533 r
710 3481 760 3534 aab
772 3497 875 3535 rasuera
888 3488 1038 3550 apparent;
1051 3483 1112 3538 edi·

83 3552 133 3599 tut
148 3553 181 3602 in
197 3567 253 3606 rar.
268 3551 316 3606 A⁶
332 3558 365 3608 ut
381 3553 426 3624 L,·
443 3553 522 3609 estur
539 3553 572 3608 ta
588 3567 677 3623 mura.
694 3552 806 3606 irascit
821 3551 860 3606 Μ
