2400 3840
109 224 174 289 262
305 219 336 273 L.
350 219 493 273 ANNAEI
511 218 676 274 SENECAE
694 218 789 276 DIAL.
803 219 871 274 LIB.
885 217 932 273 IX.

109 388 173 451 quo
213 364 460 430 innumerabiles
500 365 600 430 libros
642 369 674 429 11
709 364 946 449 bybliothecas,
991 385 1136 449 quarum

109 455 257 521 dominus
280 453 336 518 vix
357 457 427 518 tota
448 454 516 518 vita
538 454 659 518 indices
681 453 840 540 perlegit?
876 456 989 519 onerat
1007 454 1135 520 discen-

108 548 174 609 tem
202 543 309 626 turba,
340 565 407 607 non
433 543 579 626 instruit,
609 543 777 627 multoque
807 542 907 609 satius
937 546 986 609 est
1015 545 1134 628 paucis

73 649 89 698 5
108 637 140 698 te
169 632 355 698 auctoribus
378 632 515 716 tradere,
548 653 645 716 quam
668 654 773 698 errare
795 655 854 717 per
875 633 1004 698 multos.
1054 655 1134 719 qua-

108 723 257 808 draginta
278 721 369 786 milia
390 722 548 786 librorum
567 719 780 786 Alexandriae
799 725 958 805 arserunt3
979 722 1134 804 pulcher·
1164 743 1174 783 1

107 811 226 875 rimum
248 811 355 896 regiae
378 811 561 894 opulentiae
579 811 812 876 monimentum
835 810 917 875 alius
938 811 1134 897 laudaverit,

108 902 191 966 sicut
214 899 249 964 Τ.
272 900 396 983 Livius,
430 900 485 984 qui
515 900 691 985 elegantiae
722 922 835 986 regum
859 920 1018 983 curaeque
1041 923 1133 987 egre

107 990 197 1076 gium
227 989 260 1053 id
290 1011 371 1073 opus
402 988 447 1052 ait
469 988 580 1054 fuisse:
610 1011 677 1053 non
699 989 762 1053 fuit
784 988 944 1074 elegantia
966 988 1050 1053 illud
1074 993 1134 1056 aut

106 1100 197 1162 cura,
225 1079 280 1144 sed
304 1077 448 1143 studiosa
469 1078 609 1161 luxuria,
633 1078 732 1143 immo
755 1100 796 1143 ne
819 1078 964 1143 studiosa
987 1078 1133 1164 quidem,

107 1168 259 1251 quoniam
281 1189 347 1232 non
368 1167 403 1230 in
425 1166 566 1231 studium
590 1166 645 1232 sed
667 1167 702 1231 in
725 1168 944 1252 spectaculum
962 1188 1132 1252 compara
1149 1192 1170 1230 a

105 1259 228 1340 verant,
241 1257 325 1322 sicut
337 1254 499 1340 plerisque
513 1256 634 1341 ignaris
649 1257 745 1321 etiam
759 1257 932 1341 puerilium
945 1255 1132 1323 litterarum

104 1345 179 1411 libri
201 1367 268 1409 non
291 1344 470 1409 studiorum
493 1345 706 1410 instrumenta
729 1345 785 1410 sed
811 1345 1017 1411 cenationum
1037 1369 1131 1413 orna

105 1437 213 1499 menta
231 1436 314 1497 sunt.
351 1437 482 1516 paretur
500 1434 608 1518 itaque
626 1435 783 1499 librorum
803 1438 959 1518 quantum
977 1436 1058 1501 satis
1079 1438 1131 1522 sit,

70 1539 86 1587 6
104 1522 188 1586 nibil
205 1523 240 1586 in
259 1526 456 1606 apparatum.
495 1521 692 1589 ‘honestius'
710 1523 817 1609 inquis
833 1524 910 1590 ‘hoc
924 1545 958 1589 se
972 1524 1130 1609 inpensae

105 1632 202 1695 quam
216 1610 251 1675 in
261 1609 427 1676 Corinthia
440 1611 607 1697 pictasque
620 1613 747 1678 tabulas
758 1612 949 1678 effuderint?
970 1613 1130 1681 vitiosum
1147 1636 1169 1676 11

105 1704 154 1765 111
172 1700 300 1785 ubique,
319 1701 406 1785 quod
423 1701 560 1766 nimium
579 1705 635 1766 est.
673 1701 750 1786 quid
768 1702 883 1786 habes,
901 1723 959 1767 cur
975 1702 1129 1789 ignoscas

103 1789 229 1855 homini
255 1790 392 1855 armaria
414 1811 430 1856 c
453 1791 533 1856 citro
562 1795 658 1875 atque
686 1791 782 1856 ebore
805 1791 962 1876 captanti,
990 1813 1131 1878 corpora

104 1880 307 1964 conquirenti
330 1884 386 1944 aut
408 1880 595 1966 ignotorum
618 1883 786 1944 auctorum
805 1884 861 1945 aut
879 1879 1130 1964 inprobatorum

104 1973 135 2034 11
162 1969 247 2034 inter
275 1972 325 2033 tot
354 1969 444 2033 milia
467 1970 624 2034 librorum
650 1970 813 2054 oscitanti,
844 1970 897 2035 cui
921 1969 1130 2038 voluminum

68 2073 235 2124 tsuorum
261 2058 384 2123 frontes
408 2059 548 2123 maxime
570 2059 700 2142 placent
722 2058 896 2142 titulique?
941 2062 1023 2142 aput
1046 2060 1130 2127 desi-
1147 2083 1169 2122 a

103 2146 302 2212 diosissimos
317 2168 393 2233 ergo
408 2146 531 2212 videbis
545 2147 699 2232 quicquid
709 2148 892 2213 orationum
901 2147 1130 2218 historiarum-

103 2256 165 2319 que
193 2240 254 2318 est,
281 2239 367 2301 tecto
390 2240 484 2300 tenus
508 2240 670 2302 exstructa
692 2237 921 2322 loculamenta3
948 2237 1015 2303 iam
1039 2241 1130 2306 enim

102 2324 186 2388 inter
202 2325 365 2389 balnearia
384 2328 416 2389 11
433 2327 576 2390 thermas
593 2325 800 2410 bybliotheca
818 2348 947 2411 quoque
963 2331 1004 2392 ut
1016 2350 1130 2397 neces-

102 2412 222 2478 sarium
237 2413 350 2478 domus
365 2417 588 2479 ornamentum
602 2415 772 2498 expolitur.
804 2416 1005 2502 ignoscerem
1019 2419 1131 2505 plane,

102 2502 130 2566 si
153 2502 334 2567 studiorum
356 2503 458 2567 nimia
481 2503 630 2587 cupidine
653 2508 824 2569 erraretur:
852 2504 1027 2570 nunciata
1051 2529 1130 2574 con-
1146 2528 1168 2570 a

102 2590 234 2675 quisita,
258 2612 331 2656 cum
354 2592 550 2678 imaginibus
574 2593 639 2658 suis
664 2593 818 2678 discripta
841 2615 1006 2659 sacrorum
1026 2617 1131 2682 opera

101 2680 304 2766 ingeniorum
321 2682 356 2745 in
375 2682 513 2766 speciem
528 2685 560 2747 11
574 2683 697 2747 cultum
710 2684 870 2767 parietum
885 2691 1129 2767 comparantur.

191 2837 206 2892 7
225 2839 288 2892 Isto.
307 2839 343 2905 fr.
362 2844 398 2893 40
418 2840 505 2894 Hertz

189 2935 208 2990 3
232 2937 332 3005 paucis
352 2936 394 2992 A⁶
417 2936 427 3010 t(
454 2935 473 2990 4
498 2939 527 2993 te
551 2939 579 2993 A
604 2939 655 3005 cfr.
678 2939 740 2994 Iob.
755 2939 862 2994 Mstltcr
883 2941 916 2994 ia
937 2941 1009 2997 actis
1032 2943 1127 3001 Acad.

107 3017 221 3072 Viadob,
241 3017 380 3073 OXVJH
394 3022 465 3073 1889
478 3023 542 3087 118
560 3035 590 3072 11
606 3019 719 3074 Gemzde
739 3019 742 3092 Ι
765 3012 827 3072 Χῖ.
848 3020 876 3089 (i.
892 3036 913 3074 e.
928 3021 1129 3093 quadraginta

100 3087 190 3158 milia)
214 3090 243 3144 A
270 3089 478 3159 quadringenta
505 3107 542 3144 rn.
566 3092 722 3146 Piericam
747 3090 758 3163 Η
786 3090 801 3145 7
827 3089 857 3145 Τ.
880 3090 975 3144 Livius
1001 3093 1130 3168 Madvig

100 3160 124 3213 11
146 3159 232 3213 liuius
253 3160 281 3214 A
306 3160 341 3214 de
364 3162 384 3215 t.
404 3161 485 3215 Liuio
508 3163 540 3215 111
561 3179 646 3232 marg.
668 3161 711 3217 A⁸
735 3162 739 3235 1
773 3162 807 3216 11
831 3161 983 3231 puerilium
1002 3165 1044 3220 M
1106 3170 1111 3182 '

100 3231 245 3285 seruilium
265 3231 321 3370 Aq
343 3231 636 3288 1311111111
657 3231 726 3356 {qli
762 3250 799 3287 uc
818 3249 847 3288 se
866 3234 967 3302 Haupt
984 3236 1045 3304 (aed
1089 3240 1095 3252 '

100 3303 133 3357 de
158 3304 282 3358 adverbii
318 3319 395 3358 orma
413 3304 480 3358 diat.
508 3305 536 3359 V
550 3308 595 3371 21,
610 3307 638 3373 3)
684 3320 717 3358 oc
742 3306 771 3359 te
792 3304 835 3359 A²
857 3305 980 3359 cornia
1002 3305 1129 3383 haccon

100 3373 134 3427 11
149 3391 165 3429 1
180 3375 244 3429 odd.
260 3374 343 3429 Gertz
358 3375 362 3448 1
380 3375 508 3443 captanti
521 3392 555 3429 cc
568 3378 609 3429 -te
623 3377 777 3431 corr.A¹·²
810 3375 844 3430 18
859 3375 1060 3444 conquirentia
1069 3382 1100 3436 A
1117 3389 1130 3447 ΙΙ

93 3443 133 3498 24
151 3445 296 3515 expetitur
313 3449 383 3502 coci,
400 3447 514 3503 Wolters
531 3446 541 3518 11
559 3445 751 3503 coenaretur
795 3448 843 3503 oct
861 3448 988 3502 oreretur
1001 3449 1047 3504 A¹
1065 3455 1129 3523 (ore

83 3515 115 3566 c'n
134 3519 205 3587 rar.)
226 3518 352 3576 oriretur
366 3518 411 3577 A’
426 3519 437 3597 11
455 3518 493 3575 ib
511 3519 611 3590 <et>
630 3535 696 3573 cum
711 3519 782 3588 ootq.
799 3519 960 3589 tdiseripta
978 3520 1128 3580 1111111-

69 3600 138 3640 mm
153 3589 183 3643 A
206 3608 280 3648 corr.
298 3597 371 3668 volq.
395 3598 425 3653 11
445 3595 534 3652 discr.
549 3609 624 3650 sacr.
640 3590 724 3647 Gertz

9 3644 26 3803 1
