<?xml version="1.0" encoding="UTF-8"?>
<!DOCTYPE html PUBLIC "-//W3C//DTD XHTML 1.0 Transitional//EN"
    "http://www.w3.org/TR/xhtml1/DTD/xhtml1-transitional.dtd">
<html xmlns="http://www.w3.org/1999/xhtml" xml:lang="en" lang="en">
 <head>
  <title>
</title>
<meta http-equiv="Content-Type" content="text/html;charset=utf-8" />
  <meta name='ocr-system' content='tesseract 3.04.00' />
  <meta name='ocr-capabilities' content='ocr_page ocr_carea ocr_par ocr_line ocrx_word'/>
</head>
<body>
  <div class='ocr_page' id='page_1' title='image "./dialogorumlibro00senegoog_0343.png"; bbox 0 0 2400 3840; ppageno 0'>
   <div class='ocr_carea' id='block_1_1' title="bbox 97 204 921 275">
    <p class='ocr_par' dir='ltr' id='par_1_1' title="bbox 97 204 921 275">
     <span class='ocr_line' id='line_1_1' title="bbox 97 204 921 275; baseline -0.005 -10"><span class='ocrx_word' id='word_1_1' title='bbox 97 208 164 275; x_wconf 78' lang='lat'>318</span> <span class='ocrx_word' id='word_1_2' title='bbox 293 205 324 261; x_wconf 77' lang='lat' dir='ltr'>L</span> <span class='ocrx_word' id='word_1_3' title='bbox 338 204 481 260; x_wconf 68' lang='lat' dir='ltr'>imm</span> <span class='ocrx_word' id='word_1_4' title='bbox 498 204 664 259; x_wconf 71' lang='lat' dir='ltr'>emmens</span> <span class='ocrx_word' id='word_1_5' title='bbox 681 206 777 259; x_wconf 80' lang='lat' dir='ltr'>DIAL</span> <span class='ocrx_word' id='word_1_6' title='bbox 791 205 860 260; x_wconf 75' lang='lat' dir='ltr'>mr</span> <span class='ocrx_word' id='word_1_7' title='bbox 870 204 921 262; x_wconf 77' lang='lat' dir='ltr'>Il.</span> 
     </span>
    </p>
   </div>
   <div class='ocr_carea' id='block_1_2' title="bbox 61 350 1169 2752">
    <p class='ocr_par' dir='ltr' id='par_1_2' title="bbox 61 350 1169 2752">
     <span class='ocr_line' id='line_1_2' title="bbox 98 350 1130 436; baseline 0.001 -19"><span class='ocrx_word' id='word_1_8' title='bbox 98 350 247 417; x_wconf 83' lang='lat' dir='ltr'>secundis</span> <span class='ocrx_word' id='word_1_9' title='bbox 272 351 324 416; x_wconf 85' lang='lat' dir='ltr'>uti</span> <span class='ocrx_word' id='word_1_10' title='bbox 349 350 479 415; x_wconf 85' lang='lat' dir='ltr'>dextere</span> <span class='ocrx_word' id='word_1_11' title='bbox 501 351 598 434; x_wconf 70' lang='lat' dir='ltr'>sdes,</span> <span class='ocrx_word' id='word_1_12' title='bbox 624 374 667 415; x_wconf 87' lang='lat' dir='ltr'>an</span> <span class='ocrx_word' id='word_1_13' title='bbox 688 357 723 416; x_wconf 86' lang='lat' dir='ltr'>et</span> <span class='ocrx_word' id='word_1_14' title='bbox 744 352 893 416; x_wconf 70' lang='lat' dir='ltr'>adversm</span> <span class='ocrx_word' id='word_1_15' title='bbox 913 351 1025 436; x_wconf 65' lang='lat' dir='ltr'>pods</span> <span class='ocrx_word' id='word_1_16' title='bbox 1048 353 1130 418; x_wconf 79' lang='lat' dir='ltr'>viri·</span> 
     </span>
     <span class='ocr_line' id='line_1_3' title="bbox 61 439 1129 510; baseline -0.003 0"><span class='ocrx_word' id='word_1_17' title='bbox 61 440 173 510; x_wconf 66' lang='lat' dir='ltr'>slim</span> <span class='ocrx_word' id='word_1_18' title='bbox 198 439 296 505; x_wconf 78' lang='lat' dir='ltr'>ferre:</span> <span class='ocrx_word' id='word_1_19' title='bbox 323 439 537 505; x_wconf 70' lang='lat' dir='ltr'><strong>observantur</strong></span> <span class='ocrx_word' id='word_1_20' title='bbox 562 441 650 505; x_wconf 85' lang='lat' dir='ltr'>oculi</span> <span class='ocrx_word' id='word_1_21' title='bbox 675 441 733 504; x_wconf 85' lang='lat' dir='ltr'>tui</span> <span class='ocrx_word' id='word_1_22' title='bbox 777 441 1129 507; x_wconf 69' lang='lat' dir='ltr'>hlreiiorasuntom-</span> 
     </span>
     <span class='ocr_line' id='line_1_4' title="bbox 97 529 1129 615; baseline 0.002 -20"><span class='ocrx_word' id='word_1_23' title='bbox 97 529 228 612; x_wconf 83' lang='lat' dir='ltr'>uiaiis,</span> <span class='ocrx_word' id='word_1_24' title='bbox 254 529 1129 615; x_wconf 76' lang='lat' dir='ltr'>quorumaffeetustegipossunt3tibinullumse-</span> 
     </span>
     <span class='ocr_line' id='line_1_5' title="bbox 98 618 1129 706; baseline 0.001 -22"><span class='ocrx_word' id='word_1_25' title='bbox 98 622 222 684; x_wconf 81' lang='lat' dir='ltr'>cretum</span> <span class='ocrx_word' id='word_1_26' title='bbox 247 618 466 683; x_wconf 75' lang='lat' dir='ltr'>lilierumest</span> <span class='ocrx_word' id='word_1_27' title='bbox 511 619 1129 706; x_wconf 74' lang='lat' dir='ltr'>inmultalucefortrmteposuit3</span> 
     </span>
     <span class='ocr_line' id='line_1_6' title="bbox 98 707 1169 794; baseline 0 -21"><span class='ocrx_word' id='word_1_28' title='bbox 98 728 210 773; x_wconf 84' lang='lat' dir='ltr'>omnes</span> <span class='ocrx_word' id='word_1_29' title='bbox 232 707 348 790; x_wconf 84' lang='lat' dir='ltr'>scient,</span> <span class='ocrx_word' id='word_1_30' title='bbox 370 707 534 791; x_wconf 88' lang='lat' dir='ltr'>quomodo</span> <span class='ocrx_word' id='word_1_31' title='bbox 556 711 590 772; x_wconf 85' lang='lat' dir='ltr'>te</span> <span class='ocrx_word' id='word_1_32' title='bbox 612 707 1169 794; x_wconf 58' lang='lat' dir='ltr'>inistotuogemerisvuluerm</span> 
     </span>
     <span class='ocr_line' id='line_1_7' title="bbox 97 796 1128 884; baseline 0.002 -22"><span class='ocrx_word' id='word_1_33' title='bbox 97 799 249 862; x_wconf 84' lang='lat' dir='ltr'>utrumne</span> <span class='ocrx_word' id='word_1_34' title='bbox 266 796 377 862; x_wconf 79' lang='lat' dir='ltr'>statim</span> <span class='ocrx_word' id='word_1_35' title='bbox 395 818 566 880; x_wconf 83' lang='lat' dir='ltr'>percussus</span> <span class='ocrx_word' id='word_1_36' title='bbox 583 818 674 861; x_wconf 81' lang='lat' dir='ltr'>arms</span> <span class='ocrx_word' id='word_1_37' title='bbox 690 797 889 862; x_wconf 73' lang='lat' dir='ltr'>summiseris</span> <span class='ocrx_word' id='word_1_38' title='bbox 906 819 950 861; x_wconf 76' lang='lat' dir='ltr'>au</span> <span class='ocrx_word' id='word_1_39' title='bbox 966 797 1004 861; x_wconf 92' lang='lat' dir='ltr'>in</span> <span class='ocrx_word' id='word_1_40' title='bbox 1016 799 1128 884; x_wconf 75' lang='lat' dir='ltr'>gradu</span> 
     </span>
     <span class='ocr_line' id='line_1_8' title="bbox 98 884 1127 954; baseline 0.002 -3"><span class='ocrx_word' id='word_1_41' title='bbox 98 885 233 951; x_wconf 79' lang='lat' dir='ltr'>steteris.</span> <span class='ocrx_word' id='word_1_42' title='bbox 279 886 358 951; x_wconf 91' lang='lat' dir='ltr'>olim</span> <span class='ocrx_word' id='word_1_43' title='bbox 380 889 413 950; x_wconf 84' lang='lat' dir='ltr'>te</span> <span class='ocrx_word' id='word_1_44' title='bbox 431 886 466 950; x_wconf 90' lang='lat' dir='ltr'>in</span> <span class='ocrx_word' id='word_1_45' title='bbox 483 886 632 950; x_wconf 72' lang='lat' dir='ltr'>altiorem</span> <span class='ocrx_word' id='word_1_46' title='bbox 651 886 797 950; x_wconf 90' lang='lat' dir='ltr'>ordinem</span> <span class='ocrx_word' id='word_1_47' title='bbox 814 890 848 950; x_wconf 91' lang='lat' dir='ltr'>et</span> <span class='ocrx_word' id='word_1_48' title='bbox 864 907 958 950; x_wconf 85' lang='lat' dir='ltr'>amor</span> <span class='ocrx_word' id='word_1_49' title='bbox 974 884 1127 954; x_wconf 70' lang='lat' dir='ltr'>Caesams</span> 
     </span>
     <span class='ocr_line' id='line_1_9' title="bbox 98 974 1129 1062; baseline 0.001 -23"><span class='ocrx_word' id='word_1_50' title='bbox 98 974 214 1040; x_wconf 81' lang='lat' dir='ltr'>extulit</span> <span class='ocrx_word' id='word_1_51' title='bbox 231 977 265 1040; x_wconf 87' lang='lat' dir='ltr'>et</span> <span class='ocrx_word' id='word_1_52' title='bbox 281 978 339 1039; x_wconf 82' lang='lat' dir='ltr'>tus</span> <span class='ocrx_word' id='word_1_53' title='bbox 356 974 464 1039; x_wconf 83' lang='lat' dir='ltr'>studio</span> <span class='ocrx_word' id='word_1_54' title='bbox 477 974 664 1040; x_wconf 83' lang='lat' dir='ltr'>eduxerunt</span> <span class='ocrx_word' id='word_1_55' title='bbox 699 975 784 1039; x_wconf 87' lang='lat' dir='ltr'>nihil</span> <span class='ocrx_word' id='word_1_56' title='bbox 795 979 830 1040; x_wconf 88' lang='lat' dir='ltr'>te</span> <span class='ocrx_word' id='word_1_57' title='bbox 842 974 1006 1058; x_wconf 85' lang='lat' dir='ltr'>plebeium</span> <span class='ocrx_word' id='word_1_58' title='bbox 1019 976 1129 1062; x_wconf 83' lang='lat' dir='ltr'>decet,</span> 
     </span>
     <span class='ocr_line' id='line_1_10' title="bbox 97 1063 1128 1146; baseline 0.002 -17"><span class='ocrx_word' id='word_1_59' title='bbox 97 1063 180 1129; x_wconf 87' lang='lat' dir='ltr'>nihil</span> <span class='ocrx_word' id='word_1_60' title='bbox 201 1063 333 1128; x_wconf 87' lang='lat' dir='ltr'>humile.</span> <span class='ocrx_word' id='word_1_61' title='bbox 378 1064 456 1146; x_wconf 88' lang='lat' dir='ltr'>quid</span> <span class='ocrx_word' id='word_1_62' title='bbox 479 1068 587 1128; x_wconf 89' lang='lat' dir='ltr'>autem</span> <span class='ocrx_word' id='word_1_63' title='bbox 609 1068 678 1128; x_wconf 89' lang='lat' dir='ltr'>tam</span> <span class='ocrx_word' id='word_1_64' title='bbox 699 1063 823 1128; x_wconf 88' lang='lat' dir='ltr'>humile</span> <span class='ocrx_word' id='word_1_65' title='bbox 839 1085 879 1129; x_wconf 80' lang='lat' dir='ltr'>sc</span> <span class='ocrx_word' id='word_1_66' title='bbox 895 1064 1055 1130; x_wconf 76' lang='lat' dir='ltr'>muliebre</span> <span class='ocrx_word' id='word_1_67' title='bbox 1073 1071 1128 1132; x_wconf 87' lang='lat' dir='ltr'>est</span> 
     </span>
     <span class='ocr_line' id='line_1_11' title="bbox 62 1151 1169 1239; baseline 0 -19"><span class='ocrx_word' id='word_1_68' title='bbox 62 1170 196 1239; x_wconf 77' lang='lat' dir='ltr'>squam</span> <span class='ocrx_word' id='word_1_69' title='bbox 219 1151 473 1218; x_wconf 87' lang='lat' dir='ltr'>comumendum</span> <span class='ocrx_word' id='word_1_70' title='bbox 496 1175 530 1216; x_wconf 88' lang='lat' dir='ltr'>se</span> <span class='ocrx_word' id='word_1_71' title='bbox 553 1153 660 1217; x_wconf 90' lang='lat' dir='ltr'>dolori</span> <span class='ocrx_word' id='word_1_72' title='bbox 681 1152 1017 1218; x_wconf 68' lang='lat' dir='ltr'>committerersnon</span> <span class='ocrx_word' id='word_1_73' title='bbox 1033 1155 1126 1220; x_wconf 89' lang='lat' dir='ltr'>idem</span> <span class='ocrx_word' id='word_1_74' title='bbox 1144 1179 1169 1219; x_wconf 72' lang='grc' dir='ltr'>ιι</span> 
     </span>
     <span class='ocr_line' id='line_1_12' title="bbox 97 1241 1127 1326; baseline 0.002 -19"><span class='ocrx_word' id='word_1_75' title='bbox 97 1242 158 1307; x_wconf 89' lang='lat' dir='ltr'>tibi</span> <span class='ocrx_word' id='word_1_76' title='bbox 181 1242 216 1305; x_wconf 88' lang='lat' dir='ltr'>in</span> <span class='ocrx_word' id='word_1_77' title='bbox 237 1243 329 1307; x_wconf 92' lang='lat' dir='ltr'>luctu</span> <span class='ocrx_word' id='word_1_78' title='bbox 350 1241 422 1325; x_wconf 84' lang='lat' dir='ltr'>pari</span> <span class='ocrx_word' id='word_1_79' title='bbox 444 1242 532 1324; x_wconf 92' lang='lat' dir='ltr'>quod</span> <span class='ocrx_word' id='word_1_80' title='bbox 553 1242 619 1305; x_wconf 92' lang='lat' dir='ltr'>tuis</span> <span class='ocrx_word' id='word_1_81' title='bbox 641 1242 796 1306; x_wconf 82' lang='lat' dir='ltr'>fratribus</span> <span class='ocrx_word' id='word_1_82' title='bbox 818 1243 910 1326; x_wconf 82' lang='lat' dir='ltr'>licet3</span> <span class='ocrx_word' id='word_1_83' title='bbox 931 1243 1039 1308; x_wconf 85' lang='lat' dir='ltr'>multu</span> <span class='ocrx_word' id='word_1_84' title='bbox 1059 1245 1127 1309; x_wconf 68' lang='lat' dir='ltr'>nni</span> 
     </span>
     <span class='ocr_line' id='line_1_13' title="bbox 97 1329 1125 1418; baseline 0.001 -23"><span class='ocrx_word' id='word_1_85' title='bbox 97 1352 164 1395; x_wconf 88' lang='lat' dir='ltr'>non</span> <span class='ocrx_word' id='word_1_86' title='bbox 182 1330 341 1413; x_wconf 88' lang='lat' dir='ltr'>permittit</span> <span class='ocrx_word' id='word_1_87' title='bbox 359 1329 469 1412; x_wconf 91' lang='lat' dir='ltr'>opinio</span> <span class='ocrx_word' id='word_1_88' title='bbox 488 1329 527 1393; x_wconf 90' lang='lat' dir='ltr'>de</span> <span class='ocrx_word' id='word_1_89' title='bbox 545 1330 662 1394; x_wconf 88' lang='lat' dir='ltr'>studiis</span> <span class='ocrx_word' id='word_1_90' title='bbox 680 1352 719 1396; x_wconf 84' lang='lat' dir='ltr'>sc</span> <span class='ocrx_word' id='word_1_91' title='bbox 736 1331 880 1396; x_wconf 71' lang='lat' dir='ltr'>monum</span> <span class='ocrx_word' id='word_1_92' title='bbox 897 1331 963 1396; x_wconf 88' lang='lat' dir='ltr'>tuis</span> <span class='ocrx_word' id='word_1_93' title='bbox 980 1338 1125 1418; x_wconf 46' lang='lat' dir='ltr'>recepte</span> 
     </span>
     <span class='ocr_line' id='line_1_14' title="bbox 98 1419 1126 1505; baseline 0.003 -21"><span class='ocrx_word' id='word_1_94' title='bbox 98 1420 237 1484; x_wconf 89' lang='lat' dir='ltr'>multum</span> <span class='ocrx_word' id='word_1_95' title='bbox 260 1441 280 1482; x_wconf 86' lang='lat' dir='ltr'>a</span> <span class='ocrx_word' id='word_1_96' title='bbox 300 1422 334 1482; x_wconf 89' lang='lat' dir='ltr'>te</span> <span class='ocrx_word' id='word_1_97' title='bbox 356 1419 504 1483; x_wconf 90' lang='lat' dir='ltr'>homines</span> <span class='ocrx_word' id='word_1_98' title='bbox 527 1420 676 1505; x_wconf 82' lang='lat' dir='ltr'>exigunt,</span> <span class='ocrx_word' id='word_1_99' title='bbox 702 1421 843 1485; x_wconf 90' lang='lat' dir='ltr'>multum</span> <span class='ocrx_word' id='word_1_100' title='bbox 864 1424 1047 1504; x_wconf 80' lang='lat' dir='ltr'>expectent</span> <span class='ocrx_word' id='word_1_101' title='bbox 1094 1423 1126 1488; x_wconf 91' lang='lat' dir='ltr'>si</span> 
     </span>
     <span class='ocr_line' id='line_1_15' title="bbox 97 1507 1125 1593; baseline 0.006 -23"><span class='ocrx_word' id='word_1_102' title='bbox 97 1507 228 1571; x_wconf 80' lang='lat' dir='ltr'>volebas</span> <span class='ocrx_word' id='word_1_103' title='bbox 260 1507 318 1572; x_wconf 90' lang='lat' dir='ltr'>tibi</span> <span class='ocrx_word' id='word_1_104' title='bbox 352 1507 461 1572; x_wconf 81' lang='lat' dir='ltr'>onmia</span> <span class='ocrx_word' id='word_1_105' title='bbox 490 1507 602 1593; x_wconf 86' lang='lat' dir='ltr'>licere,</span> <span class='ocrx_word' id='word_1_106' title='bbox 631 1531 673 1573; x_wconf 89' lang='lat' dir='ltr'>ue</span> <span class='ocrx_word' id='word_1_107' title='bbox 702 1509 914 1574; x_wconf 83' lang='lat' dir='ltr'>convertisses</span> <span class='ocrx_word' id='word_1_108' title='bbox 940 1509 976 1574; x_wconf 93' lang='lat' dir='ltr'>in</span> <span class='ocrx_word' id='word_1_109' title='bbox 1000 1513 1037 1575; x_wconf 89' lang='lat' dir='ltr'>te</span> <span class='ocrx_word' id='word_1_110' title='bbox 1065 1533 1125 1576; x_wconf 78' lang='lat' dir='ltr'>ors</span> 
     </span>
     <span class='ocr_line' id='line_1_16' title="bbox 98 1595 1168 1683; baseline 0.005 -22"><span class='ocrx_word' id='word_1_111' title='bbox 98 1595 257 1661; x_wconf 87' lang='lat' dir='ltr'>omnium:</span> <span class='ocrx_word' id='word_1_112' title='bbox 283 1617 371 1661; x_wconf 90' lang='lat' dir='ltr'>nunc</span> <span class='ocrx_word' id='word_1_113' title='bbox 392 1600 520 1662; x_wconf 89' lang='lat' dir='ltr'>tantum</span> <span class='ocrx_word' id='word_1_114' title='bbox 542 1597 603 1662; x_wconf 88' lang='lat' dir='ltr'>tibi</span> <span class='ocrx_word' id='word_1_115' title='bbox 624 1598 852 1681; x_wconf 78' lang='lat' dir='ltr'>praestandum</span> <span class='ocrx_word' id='word_1_116' title='bbox 875 1602 939 1682; x_wconf 86' lang='lat' dir='ltr'>est,</span> <span class='ocrx_word' id='word_1_117' title='bbox 960 1603 1123 1683; x_wconf 78' lang='lat' dir='ltr'>quantum</span> <span class='ocrx_word' id='word_1_118' title='bbox 1141 1625 1168 1666; x_wconf 76' lang='lat' dir='ltr'>rs</span> 
     </span>
     <span class='ocr_line' id='line_1_17' title="bbox 97 1684 1123 1773; baseline 0.004 -24"><span class='ocrx_word' id='word_1_119' title='bbox 97 1684 282 1770; x_wconf 83' lang='lat' dir='ltr'>promisisti</span> <span class='ocrx_word' id='word_1_120' title='bbox 329 1705 440 1750; x_wconf 91' lang='lat' dir='ltr'>omnes</span> <span class='ocrx_word' id='word_1_121' title='bbox 468 1686 531 1770; x_wconf 88' lang='lat' dir='ltr'>illi,</span> <span class='ocrx_word' id='word_1_122' title='bbox 558 1687 614 1772; x_wconf 91' lang='lat' dir='ltr'>qui</span> <span class='ocrx_word' id='word_1_123' title='bbox 642 1708 740 1770; x_wconf 78' lang='lat' dir='ltr'>opero</span> <span class='ocrx_word' id='word_1_124' title='bbox 761 1687 884 1773; x_wconf 86' lang='lat' dir='ltr'>ingenii</span> <span class='ocrx_word' id='word_1_125' title='bbox 904 1686 955 1752; x_wconf 87' lang='lat' dir='ltr'>tui</span> <span class='ocrx_word' id='word_1_126' title='bbox 975 1689 1123 1770; x_wconf 85' lang='lat' dir='ltr'>laudaut,</span> 
     </span>
     <span class='ocr_line' id='line_1_18' title="bbox 98 1773 1122 1862; baseline 0.004 -23"><span class='ocrx_word' id='word_1_127' title='bbox 98 1773 155 1859; x_wconf 93' lang='lat' dir='ltr'>qui</span> <span class='ocrx_word' id='word_1_128' title='bbox 177 1773 374 1858; x_wconf 89' lang='lat' dir='ltr'>describunt,</span> <span class='ocrx_word' id='word_1_129' title='bbox 397 1774 528 1859; x_wconf 89' lang='lat' dir='ltr'>quibus,</span> <span class='ocrx_word' id='word_1_130' title='bbox 551 1797 626 1841; x_wconf 87' lang='lat' dir='ltr'>cum</span> <span class='ocrx_word' id='word_1_131' title='bbox 649 1776 780 1840; x_wconf 85' lang='lat' dir='ltr'>fortuna</span> <span class='ocrx_word' id='word_1_132' title='bbox 801 1781 859 1840; x_wconf 82' lang='lat' dir='ltr'>tua</span> <span class='ocrx_word' id='word_1_133' title='bbox 881 1798 964 1861; x_wconf 89' lang='lat' dir='ltr'>opus</span> <span class='ocrx_word' id='word_1_134' title='bbox 981 1799 1051 1842; x_wconf 92' lang='lat' dir='ltr'>non</span> <span class='ocrx_word' id='word_1_135' title='bbox 1070 1779 1122 1862; x_wconf 80' lang='lat' dir='ltr'>sit,</span> 
     </span>
     <span class='ocr_line' id='line_1_19' title="bbox 97 1863 1122 1951; baseline 0.003 -22"><span class='ocrx_word' id='word_1_136' title='bbox 97 1863 227 1951; x_wconf 79' lang='lat' dir='ltr'>ingenio</span> <span class='ocrx_word' id='word_1_137' title='bbox 255 1885 337 1948; x_wconf 89' lang='lat' dir='ltr'>opus</span> <span class='ocrx_word' id='word_1_138' title='bbox 360 1867 423 1948; x_wconf 87' lang='lat' dir='ltr'>est,</span> <span class='ocrx_word' id='word_1_139' title='bbox 450 1864 597 1930; x_wconf 76' lang='lat' dir='ltr'>custodes</span> <span class='ocrx_word' id='word_1_140' title='bbox 621 1865 721 1929; x_wconf 87' lang='lat' dir='ltr'>animi</span> <span class='ocrx_word' id='word_1_141' title='bbox 743 1866 792 1929; x_wconf 90' lang='lat' dir='ltr'>tui</span> <span class='ocrx_word' id='word_1_142' title='bbox 814 1870 898 1930; x_wconf 83' lang='lat' dir='ltr'>sunt</span> <span class='ocrx_word' id='word_1_143' title='bbox 943 1865 1028 1930; x_wconf 88' lang='lat' dir='ltr'><strong>nihil</strong></span> <span class='ocrx_word' id='word_1_144' title='bbox 1050 1889 1122 1932; x_wconf 92' lang='lat' dir='ltr'>um-</span> 
     </span>
     <span class='ocr_line' id='line_1_20' title="bbox 98 1952 1122 2040; baseline 0.002 -22"><span class='ocrx_word' id='word_1_145' title='bbox 98 1974 194 2037; x_wconf 84' lang='lat' dir='ltr'>quem</span> <span class='ocrx_word' id='word_1_146' title='bbox 217 1952 263 2017; x_wconf 80' lang='lat' dir='ltr'>ite</span> <span class='ocrx_word' id='word_1_147' title='bbox 285 1958 377 2038; x_wconf 87' lang='lat' dir='ltr'>potes</span> <span class='ocrx_word' id='word_1_148' title='bbox 399 1953 569 2040; x_wconf 81' lang='lat' dir='ltr'>indignum</span> <span class='ocrx_word' id='word_1_149' title='bbox 591 1954 696 2019; x_wconf 86' lang='lat' dir='ltr'>facere</span> <span class='ocrx_word' id='word_1_150' title='bbox 718 1955 853 2037; x_wconf 85' lang='lat' dir='ltr'>perlecti</span> <span class='ocrx_word' id='word_1_151' title='bbox 871 1957 904 2019; x_wconf 91' lang='lat' dir='ltr'>et</span> <span class='ocrx_word' id='word_1_152' title='bbox 921 1955 1039 2020; x_wconf 88' lang='lat' dir='ltr'>eruditi</span> <span class='ocrx_word' id='word_1_153' title='bbox 1058 1956 1122 2021; x_wconf 80' lang='lat' dir='ltr'>viri</span> 
     </span>
     <span class='ocr_line' id='line_1_21' title="bbox 96 2042 1166 2127; baseline 0.007 -21"><span class='ocrx_word' id='word_1_154' title='bbox 96 2042 309 2127; x_wconf 79' lang='lat' dir='ltr'>professione,</span> <span class='ocrx_word' id='word_1_155' title='bbox 340 2046 377 2107; x_wconf 88' lang='lat' dir='ltr'>ut</span> <span class='ocrx_word' id='word_1_156' title='bbox 407 2064 474 2106; x_wconf 90' lang='lat' dir='ltr'>non</span> <span class='ocrx_word' id='word_1_157' title='bbox 505 2043 626 2107; x_wconf 87' lang='lat' dir='ltr'>multos</span> <span class='ocrx_word' id='word_1_158' title='bbox 658 2043 878 2108; x_wconf 78' lang='lat' dir='ltr'>admirationis</span> <span class='ocrx_word' id='word_1_159' title='bbox 910 2044 950 2109; x_wconf 93' lang='lat' dir='ltr'>de</span> <span class='ocrx_word' id='word_1_160' title='bbox 981 2047 1014 2108; x_wconf 90' lang='lat' dir='ltr'>te</span> <span class='ocrx_word' id='word_1_161' title='bbox 1041 2066 1121 2110; x_wconf 86' lang='lat' dir='ltr'>suse</span> <span class='ocrx_word' id='word_1_162' title='bbox 1139 2075 1166 2115; x_wconf 81' lang='lat' dir='ltr'>sc</span> 
     </span>
     <span class='ocr_line' id='line_1_22' title="bbox 63 2131 1122 2216; baseline 0.001 -19"><span class='ocrx_word' id='word_1_163' title='bbox 63 2131 266 2214; x_wconf 71' lang='lat' dir='ltr'>opaeniteat.</span> <span class='ocrx_word' id='word_1_164' title='bbox 311 2153 378 2196; x_wconf 94' lang='lat' dir='ltr'>non</span> <span class='ocrx_word' id='word_1_165' title='bbox 400 2131 477 2197; x_wconf 90' lang='lat' dir='ltr'>licet</span> <span class='ocrx_word' id='word_1_166' title='bbox 499 2132 559 2196; x_wconf 89' lang='lat' dir='ltr'>tibi</span> <span class='ocrx_word' id='word_1_167' title='bbox 581 2132 657 2196; x_wconf 84' lang='lat' dir='ltr'>dere</span> <span class='ocrx_word' id='word_1_168' title='bbox 679 2132 865 2216; x_wconf 89' lang='lat' dir='ltr'>immodice,</span> <span class='ocrx_word' id='word_1_169' title='bbox 886 2154 946 2198; x_wconf 89' lang='lat' dir='ltr'>uec</span> <span class='ocrx_word' id='word_1_170' title='bbox 967 2133 1032 2198; x_wconf 88' lang='lat' dir='ltr'>hoc</span> <span class='ocrx_word' id='word_1_171' title='bbox 1049 2137 1122 2198; x_wconf 78' lang='lat' dir='ltr'>tau·</span> 
     </span>
     <span class='ocr_line' id='line_1_23' title="bbox 97 2219 1122 2305; baseline 0.004 -22"><span class='ocrx_word' id='word_1_172' title='bbox 97 2220 265 2284; x_wconf 91' lang='lat' dir='ltr'>tummodo</span> <span class='ocrx_word' id='word_1_173' title='bbox 293 2242 360 2284; x_wconf 90' lang='lat' dir='ltr'>non</span> <span class='ocrx_word' id='word_1_174' title='bbox 385 2219 475 2304; x_wconf 80' lang='lat' dir='ltr'>licet3</span> <span class='ocrx_word' id='word_1_175' title='bbox 502 2243 543 2285; x_wconf 91' lang='lat' dir='ltr'>ne</span> <span class='ocrx_word' id='word_1_176' title='bbox 566 2242 716 2285; x_wconf 90' lang='lat' dir='ltr'>somnum</span> <span class='ocrx_word' id='word_1_177' title='bbox 740 2220 869 2305; x_wconf 90' lang='lat' dir='ltr'>quidem</span> <span class='ocrx_word' id='word_1_178' title='bbox 892 2221 1064 2287; x_wconf 80' lang='lat' dir='ltr'>extendere</span> <span class='ocrx_word' id='word_1_179' title='bbox 1086 2224 1122 2288; x_wconf 93' lang='lat' dir='ltr'>in</span> 
     </span>
     <span class='ocr_line' id='line_1_24' title="bbox 98 2308 1120 2391; baseline 0.005 -19"><span class='ocrx_word' id='word_1_180' title='bbox 98 2311 222 2391; x_wconf 75' lang='lat' dir='ltr'>partem</span> <span class='ocrx_word' id='word_1_181' title='bbox 252 2308 315 2373; x_wconf 91' lang='lat' dir='ltr'>diei</span> <span class='ocrx_word' id='word_1_182' title='bbox 337 2309 413 2374; x_wconf 92' lang='lat' dir='ltr'>licet</span> <span class='ocrx_word' id='word_1_183' title='bbox 436 2312 492 2374; x_wconf 85' lang='lat' dir='ltr'>aut</span> <span class='ocrx_word' id='word_1_184' title='bbox 515 2332 534 2373; x_wconf 84' lang='lat' dir='ltr'>a</span> <span class='ocrx_word' id='word_1_185' title='bbox 555 2311 699 2374; x_wconf 75' lang='lat' dir='ltr'>tumultu</span> <span class='ocrx_word' id='word_1_186' title='bbox 721 2333 829 2375; x_wconf 89' lang='lat' dir='ltr'>rerum</span> <span class='ocrx_word' id='word_1_187' title='bbox 851 2310 886 2374; x_wconf 89' lang='lat' dir='ltr'>iu</span> <span class='ocrx_word' id='word_1_188' title='bbox 909 2311 1012 2376; x_wconf 90' lang='lat' dir='ltr'>otium</span> <span class='ocrx_word' id='word_1_189' title='bbox 1034 2312 1120 2377; x_wconf 90' lang='lat' dir='ltr'>ruris</span> 
     </span>
     <span class='ocr_line' id='line_1_25' title="bbox 98 2396 1120 2484; baseline 0.007 -25"><span class='ocrx_word' id='word_1_190' title='bbox 98 2396 199 2480; x_wconf 89' lang='lat' dir='ltr'>quieti</span> <span class='ocrx_word' id='word_1_191' title='bbox 229 2397 401 2484; x_wconf 81' lang='lat' dir='ltr'>confugere</span> <span class='ocrx_word' id='word_1_192' title='bbox 431 2401 488 2463; x_wconf 86' lang='lat' dir='ltr'>aut</span> <span class='ocrx_word' id='word_1_193' title='bbox 515 2399 643 2463; x_wconf 84' lang='lat' dir='ltr'>assidua</span> <span class='ocrx_word' id='word_1_194' title='bbox 668 2398 823 2464; x_wconf 81' lang='lat' dir='ltr'>laboriosi</span> <span class='ocrx_word' id='word_1_195' title='bbox 852 2399 953 2465; x_wconf 90' lang='lat' dir='ltr'>officii</span> <span class='ocrx_word' id='word_1_196' title='bbox 979 2400 1120 2466; x_wconf 74' lang='lat' dir='ltr'>statione</span> 
     </span>
     <span class='ocr_line' id='line_1_26' title="bbox 97 2484 1165 2574; baseline 0.007 -24"><span class='ocrx_word' id='word_1_197' title='bbox 97 2484 268 2571; x_wconf 81' lang='lat' dir='ltr'>fatigatum</span> <span class='ocrx_word' id='word_1_198' title='bbox 292 2507 408 2570; x_wconf 85' lang='lat' dir='ltr'>corpus</span> <span class='ocrx_word' id='word_1_199' title='bbox 427 2487 610 2571; x_wconf 81' lang='lat' dir='ltr'>voluptaria</span> <span class='ocrx_word' id='word_1_200' title='bbox 627 2489 884 2574; x_wconf 77' lang='lat' dir='ltr'>peregrinatione</span> <span class='ocrx_word' id='word_1_201' title='bbox 902 2510 1044 2555; x_wconf 79' lang='lat' dir='ltr'>recreare</span> <span class='ocrx_word' id='word_1_202' title='bbox 1062 2493 1121 2555; x_wconf 81' lang='lat' dir='ltr'>eut</span> <span class='ocrx_word' id='word_1_203' title='bbox 1138 2517 1165 2558; x_wconf 78' lang='lat' dir='ltr'>ss</span> 
     </span>
     <span class='ocr_line' id='line_1_27' title="bbox 98 2575 1119 2657; baseline 0.005 -18"><span class='ocrx_word' id='word_1_204' title='bbox 98 2575 355 2657; x_wconf 77' lang='lat' dir='ltr'>spectaculorum</span> <span class='ocrx_word' id='word_1_205' title='bbox 384 2576 538 2641; x_wconf 80' lang='lat' dir='ltr'>verietate</span> <span class='ocrx_word' id='word_1_206' title='bbox 568 2576 711 2641; x_wconf 83' lang='lat' dir='ltr'>animum</span> <span class='ocrx_word' id='word_1_207' title='bbox 742 2578 883 2642; x_wconf 87' lang='lat' dir='ltr'>detinere</span> <span class='ocrx_word' id='word_1_208' title='bbox 910 2581 967 2642; x_wconf 86' lang='lat' dir='ltr'>aut</span> <span class='ocrx_word' id='word_1_209' title='bbox 992 2600 1034 2643; x_wconf 86' lang='lat' dir='ltr'>ex</span> <span class='ocrx_word' id='word_1_210' title='bbox 1059 2577 1119 2644; x_wconf 87' lang='lat' dir='ltr'>tuo</span> 
     </span>
     <span class='ocr_line' id='line_1_28' title="bbox 98 2659 1120 2752; baseline 0.007 -25"><span class='ocrx_word' id='word_1_211' title='bbox 98 2662 230 2728; x_wconf 81' lang='lat' dir='ltr'>arbitrio</span> <span class='ocrx_word' id='word_1_212' title='bbox 258 2663 341 2728; x_wconf 90' lang='lat' dir='ltr'>diem</span> <span class='ocrx_word' id='word_1_213' title='bbox 370 2664 547 2749; x_wconf 86' lang='lat' dir='ltr'>disponere.</span> <span class='ocrx_word' id='word_1_214' title='bbox 581 2659 676 2750; x_wconf 60' lang='lat'>126]</span> <span class='ocrx_word' id='word_1_215' title='bbox 704 2666 807 2731; x_wconf 85' lang='lat' dir='ltr'>multa</span> <span class='ocrx_word' id='word_1_216' title='bbox 834 2666 894 2732; x_wconf 91' lang='lat' dir='ltr'>tibi</span> <span class='ocrx_word' id='word_1_217' title='bbox 920 2688 988 2732; x_wconf 92' lang='lat' dir='ltr'>non</span> <span class='ocrx_word' id='word_1_218' title='bbox 1009 2668 1120 2752; x_wconf 80' lang='lat' dir='ltr'>licent,</span> 
     </span>
    </p>
   </div>
   <div class='ocr_carea' id='block_1_3' title="bbox 63 2752 1120 2842">
    <p class='ocr_par' dir='ltr' id='par_1_3' title="bbox 63 2752 1120 2842">
     <span class='ocr_line' id='line_1_29' title="bbox 63 2752 1120 2842; baseline 0.002 -23"><span class='ocrx_word' id='word_1_219' title='bbox 63 2768 179 2836; x_wconf 75' lang='lat' dir='ltr'>cquae</span> <span class='ocrx_word' id='word_1_220' title='bbox 202 2752 392 2818; x_wconf 88' lang='lat' dir='ltr'>humillimis</span> <span class='ocrx_word' id='word_1_221' title='bbox 416 2759 448 2819; x_wconf 91' lang='lat' dir='ltr'>et</span> <span class='ocrx_word' id='word_1_222' title='bbox 470 2755 505 2818; x_wconf 92' lang='lat' dir='ltr'>in</span> <span class='ocrx_word' id='word_1_223' title='bbox 528 2755 647 2840; x_wconf 83' lang='lat' dir='ltr'>angulo</span> <span class='ocrx_word' id='word_1_224' title='bbox 670 2755 847 2821; x_wconf 83' lang='lat' dir='ltr'>iacentibus</span> <span class='ocrx_word' id='word_1_225' title='bbox 865 2756 977 2822; x_wconf 89' lang='lat' dir='ltr'>licent:</span> <span class='ocrx_word' id='word_1_226' title='bbox 999 2779 1120 2842; x_wconf 79' lang='lat' dir='ltr'>magna</span> 
     </span>
    </p>
   </div>
   <div class='ocr_carea' id='block_1_4' title="bbox 84 2928 1124 3647">
    <p class='ocr_par' dir='ltr' id='par_1_4' title="bbox 84 2928 1124 3647">
     <span class='ocr_line' id='line_1_30' title="bbox 187 2928 1124 2999; baseline 0.005 -15"><span class='ocrx_word' id='word_1_227' title='bbox 187 2928 258 2984; x_wconf 88' lang='lat' dir='ltr'>luti</span> <span class='ocrx_word' id='word_1_228' title='bbox 272 2929 386 2984; x_wconf 84' lang='lat' dir='ltr'>dextere</span> <span class='ocrx_word' id='word_1_229' title='bbox 400 2931 575 2999; x_wconf 74' lang='lat' dir='ltr'>Bouporsius</span> <span class='ocrx_word' id='word_1_230' title='bbox 593 2931 637 2985; x_wconf 89' lang='lat' dir='ltr'>uti</span> <span class='ocrx_word' id='word_1_231' title='bbox 650 2931 681 2996; x_wconf 69' lang='lat' dir='ltr'>id</span> <span class='ocrx_word' id='word_1_232' title='bbox 695 2934 789 2987; x_wconf 84' lang='lat' dir='ltr'>extere</span> <span class='ocrx_word' id='word_1_233' title='bbox 799 2934 827 2987; x_wconf 90' lang='lat' dir='ltr'><em>B</em></span> <span class='ocrx_word' id='word_1_234' title='bbox 845 2932 889 2986; x_wconf 92' lang='lat' dir='ltr'>uti</span> <span class='ocrx_word' id='word_1_235' title='bbox 902 2931 934 2986; x_wconf 89' lang='lat' dir='ltr'>id</span> <span class='ocrx_word' id='word_1_236' title='bbox 948 2949 1077 2989; x_wconf 87' lang='lat' dir='ltr'>exercere</span> <span class='ocrx_word' id='word_1_237' title='bbox 1087 2935 1124 2989; x_wconf 89' lang='lat' dir='ltr'><strong><em>H</em></strong></span> 
     </span>
     <span class='ocr_line' id='line_1_31' title="bbox 97 3000 1117 3077; baseline 0.007 -24"><span class='ocrx_word' id='word_1_238' title='bbox 97 3000 141 3053; x_wconf 90' lang='lat' dir='ltr'>uti</span> <span class='ocrx_word' id='word_1_239' title='bbox 155 3002 183 3054; x_wconf 87' lang='lat' dir='ltr'>et</span> <span class='ocrx_word' id='word_1_240' title='bbox 196 3003 225 3055; x_wconf 91' lang='lat' dir='ltr'>te</span> <span class='ocrx_word' id='word_1_241' title='bbox 240 3016 368 3057; x_wconf 84' lang='lat' dir='ltr'>exercere</span> <span class='ocrx_word' id='word_1_242' title='bbox 382 3002 448 3056; x_wconf 99' lang='lat' dir='ltr'>DE</span> <span class='ocrx_word' id='word_1_243' title='bbox 464 3001 612 3071; x_wconf 85' lang='lat' dir='ltr'>indulgere</span> <span class='ocrx_word' id='word_1_244' title='bbox 627 3003 655 3057; x_wconf 85' lang='lat' dir='ltr'><strong><em>V</em></strong></span> <span class='ocrx_word' id='word_1_245' title='bbox 668 3003 678 3076; x_wconf 68' lang='grc' dir='ltr'>Η</span> <span class='ocrx_word' id='word_1_246' title='bbox 694 3004 712 3057; x_wconf 83' lang='grc'><strong>3</strong></span> <span class='ocrx_word' id='word_1_247' title='bbox 727 3003 763 3057; x_wconf 87' lang='lat' dir='ltr'>iis</span> <span class='ocrx_word' id='word_1_248' title='bbox 777 3005 845 3059; x_wconf 92' lang='lat' dir='ltr'>DE</span> <span class='ocrx_word' id='word_1_249' title='bbox 859 3003 915 3057; x_wconf 85' lang='lat' dir='ltr'>hiis</span> <span class='ocrx_word' id='word_1_250' title='bbox 930 3005 966 3059; x_wconf 90' lang='lat' dir='ltr'><strong><em>H</em></strong></span> <span class='ocrx_word' id='word_1_251' title='bbox 979 3005 1024 3059; x_wconf 82' lang='lat' dir='ltr'>his</span> <span class='ocrx_word' id='word_1_252' title='bbox 1038 3005 1117 3077; x_wconf 58' lang='lat' dir='ltr'>BV!</span> 
     </span>
     <span class='ocr_line' id='line_1_32' title="bbox 98 3071 1119 3199; baseline 0.005 -73"><span class='ocrx_word' id='word_1_253' title='bbox 98 3071 157 3140; x_wconf 72' lang='lat' dir='ltr'>tegi</span> <span class='ocrx_word' id='word_1_254' title='bbox 178 3073 245 3127; x_wconf 93' lang='lat' dir='ltr'>DE</span> <span class='ocrx_word' id='word_1_255' title='bbox 270 3071 331 3142; x_wconf 81' lang='lat' dir='ltr'>regi</span> <span class='ocrx_word' id='word_1_256' title='bbox 349 3072 456 3199; x_wconf 46' lang='lat' dir='ltr'>Bpr</span> <span class='ocrx_word' id='word_1_257' title='bbox 478 3072 619 3142; x_wconf 75' lang='lat' dir='ltr'>digredu</span> <span class='ocrx_word' id='word_1_258' title='bbox 638 3075 666 3128; x_wconf 90' lang='lat' dir='ltr'><em>B</em></span> <span class='ocrx_word' id='word_1_259' title='bbox 691 3075 820 3144; x_wconf 72' lang='lat' dir='ltr'>ingratus</span> <span class='ocrx_word' id='word_1_260' title='bbox 840 3075 863 3130; x_wconf 81' lang='lat'><strong><em>0</em></strong></span> <span class='ocrx_word' id='word_1_261' title='bbox 886 3074 897 3147; x_wconf 65' lang='lat' dir='ltr'>ll</span> <span class='ocrx_word' id='word_1_262' title='bbox 920 3075 938 3130; x_wconf 84' lang='lat'><em>8</em></span> <span class='ocrx_word' id='word_1_263' title='bbox 961 3077 1119 3131; x_wconf 87' lang='lat' dir='ltr'>eduxerunt</span> 
     </span>
     <span class='ocr_line' id='line_1_33' title="bbox 98 3142 1118 3217; baseline 0.004 -21"><span class='ocrx_word' id='word_1_264' title='bbox 98 3142 218 3214; x_wconf 75' lang='lat' dir='ltr'>Madvip</span> <span class='ocrx_word' id='word_1_265' title='bbox 236 3143 412 3198; x_wconf 85' lang='lat' dir='ltr'>deduxerunt</span> <span class='ocrx_word' id='word_1_266' title='bbox 478 3144 488 3216; x_wconf 75' lang='grc' dir='ltr'><em>Η</em></span> <span class='ocrx_word' id='word_1_267' title='bbox 512 3144 547 3199; x_wconf 78' lang='grc'>15</span> <span class='ocrx_word' id='word_1_268' title='bbox 566 3146 677 3199; x_wconf 80' lang='lat' dir='ltr'>tantum</span> <span class='ocrx_word' id='word_1_269' title='bbox 692 3146 811 3217; x_wconf 72' lang='lat' dir='ltr'>Bentley</span> <span class='ocrx_word' id='word_1_270' title='bbox 828 3147 924 3200; x_wconf 80' lang='lat' dir='ltr'>eutem</span> <span class='ocrx_word' id='word_1_271' title='bbox 938 3148 1008 3203; x_wconf 89' lang='lat' dir='ltr'>BH</span> <span class='ocrx_word' id='word_1_272' title='bbox 1022 3149 1118 3202; x_wconf 81' lang='lat' dir='ltr'>sutem</span> 
     </span>
     <span class='ocr_line' id='line_1_34' title="bbox 97 3214 1118 3299; baseline 0.006 -33"><span class='ocrx_word' id='word_1_273' title='bbox 97 3214 209 3268; x_wconf 81' lang='lat' dir='ltr'>tentum</span> <span class='ocrx_word' id='word_1_274' title='bbox 228 3216 326 3271; x_wconf 88' lang='lat' dir='ltr'>DEV</span> <span class='ocrx_word' id='word_1_275' title='bbox 342 3214 355 3299; x_wconf 56' lang='lat' dir='ltr'>ll</span> <span class='ocrx_word' id='word_1_276' title='bbox 379 3214 415 3270; x_wconf 80' lang='lat' dir='ltr'>le</span> <span class='ocrx_word' id='word_1_277' title='bbox 436 3216 591 3284; x_wconf 83' lang='lat' dir='ltr'>promisisti</span> <span class='ocrx_word' id='word_1_278' title='bbox 610 3216 700 3271; x_wconf 91' lang='lat' dir='ltr'>omnis</span> <span class='ocrx_word' id='word_1_279' title='bbox 719 3217 763 3270; x_wconf 88' lang='lat' dir='ltr'>illi</span> <span class='ocrx_word' id='word_1_280' title='bbox 783 3260 788 3271; x_wconf 92' lang='lat'><em>.</em></span> <span class='ocrx_word' id='word_1_281' title='bbox 809 3259 816 3272; x_wconf 90' lang='lat'><em>.</em></span> <span class='ocrx_word' id='word_1_282' title='bbox 836 3234 906 3286; x_wconf 88' lang='lat' dir='ltr'>opus</span> <span class='ocrx_word' id='word_1_283' title='bbox 925 3220 969 3273; x_wconf 87' lang='lat' dir='ltr'>est</span> <span class='ocrx_word' id='word_1_284' title='bbox 987 3217 1118 3273; x_wconf 86' lang='lat' dir='ltr'>custodes</span> 
     </span>
     <span class='ocr_line' id='line_1_35' title="bbox 97 3285 1119 3357; baseline 0.006 -19"><span class='ocrx_word' id='word_1_285' title='bbox 97 3285 165 3339; x_wconf 91' lang='lat' dir='ltr'>DE</span> <span class='ocrx_word' id='word_1_286' title='bbox 180 3303 248 3341; x_wconf 79' lang='lat' dir='ltr'>corr.</span> <span class='ocrx_word' id='word_1_287' title='bbox 264 3287 380 3356; x_wconf 70' lang='lat' dir='ltr'>Lipsius</span> <span class='ocrx_word' id='word_1_288' title='bbox 400 3287 555 3356; x_wconf 85' lang='lat' dir='ltr'>promisisti</span> <span class='ocrx_word' id='word_1_289' title='bbox 573 3287 703 3342; x_wconf 90' lang='lat' dir='ltr'>omnibus</span> <span class='ocrx_word' id='word_1_290' title='bbox 722 3288 779 3342; x_wconf 90' lang='lat' dir='ltr'>illis</span> <span class='ocrx_word' id='word_1_291' title='bbox 798 3331 805 3345; x_wconf 90' lang='lat'><strong>.</strong></span> <span class='ocrx_word' id='word_1_292' title='bbox 825 3331 831 3344; x_wconf 93' lang='lat'><strong><em>.</em></strong></span> <span class='ocrx_word' id='word_1_293' title='bbox 851 3305 921 3357; x_wconf 88' lang='lat' dir='ltr'>opus</span> <span class='ocrx_word' id='word_1_294' title='bbox 941 3291 991 3344; x_wconf 92' lang='lat' dir='ltr'>est.</span> <span class='ocrx_word' id='word_1_295' title='bbox 1025 3291 1119 3344; x_wconf 91' lang='lat' dir='ltr'>custo·</span> 
     </span>
     <span class='ocr_line' id='line_1_36' title="bbox 99 3354 1120 3429; baseline 0.01 -22"><span class='ocrx_word' id='word_1_296' title='bbox 99 3354 147 3409; x_wconf 89' lang='lat' dir='ltr'>des</span> <span class='ocrx_word' id='word_1_297' title='bbox 161 3358 230 3412; x_wconf 88' lang='grc' dir='ltr'>ΒΗ</span> <span class='ocrx_word' id='word_1_298' title='bbox 239 3357 248 3429; x_wconf 77' lang='grc' dir='ltr'>Η</span> <span class='ocrx_word' id='word_1_299' title='bbox 267 3357 302 3412; x_wconf 86' lang='grc'>19</span> <span class='ocrx_word' id='word_1_300' title='bbox 315 3357 435 3426; x_wconf 89' lang='lat' dir='ltr'>perfecti</span> <span class='ocrx_word' id='word_1_301' title='bbox 449 3359 537 3414; x_wconf 79' lang='lat' dir='ltr'>‘vetus</span> <span class='ocrx_word' id='word_1_302' title='bbox 551 3360 629 3414; x_wconf 81' lang='lat' dir='ltr'>lectio</span> <span class='ocrx_word' id='word_1_303' title='bbox 643 3360 790 3415; x_wconf 76' lang='lat' dir='ltr'>Piociaoi&#39;</span> <span class='ocrx_word' id='word_1_304' title='bbox 804 3367 830 3415; x_wconf 86' lang='lat' dir='ltr'>et</span> <span class='ocrx_word' id='word_1_305' title='bbox 842 3377 916 3415; x_wconf 72' lang='lat' dir='ltr'>unos</span> <span class='ocrx_word' id='word_1_306' title='bbox 929 3361 992 3416; x_wconf 81' lang='lat' dir='ltr'>Pal.</span> <span class='ocrx_word' id='word_1_307' title='bbox 1005 3361 1120 3418; x_wconf 58' lang='lat' dir='ltr'>&amp;reteri</span> 
     </span>
     <span class='ocr_line' id='line_1_37' title="bbox 97 3426 1120 3501; baseline 0.009 -22"><span class='ocrx_word' id='word_1_308' title='bbox 97 3426 218 3494; x_wconf 85' lang='lat' dir='ltr'>profecti</span> <span class='ocrx_word' id='word_1_309' title='bbox 239 3429 262 3484; x_wconf 91' lang='lat'><em>0</em></span> <span class='ocrx_word' id='word_1_310' title='bbox 284 3428 293 3501; x_wconf 76' lang='grc' dir='ltr'><em>Η</em></span> <span class='ocrx_word' id='word_1_311' title='bbox 317 3428 353 3483; x_wconf 93' lang='grc'>22</span> <span class='ocrx_word' id='word_1_312' title='bbox 371 3428 450 3485; x_wconf 88' lang='lat' dir='ltr'>licet:</span> <span class='ocrx_word' id='word_1_313' title='bbox 474 3447 509 3485; x_wconf 91' lang='lat' dir='ltr'>ne</span> <span class='ocrx_word' id='word_1_314' title='bbox 527 3432 647 3501; x_wconf 77' lang='lat' dir='ltr'>Bentley</span> <span class='ocrx_word' id='word_1_315' title='bbox 669 3430 737 3486; x_wconf 88' lang='lat' dir='ltr'>lieet</span> <span class='ocrx_word' id='word_1_316' title='bbox 755 3447 806 3486; x_wconf 88' lang='lat' dir='ltr'>nec</span> <span class='ocrx_word' id='word_1_317' title='bbox 820 3432 889 3486; x_wconf 89' lang='lat' dir='ltr'>BH</span> <span class='ocrx_word' id='word_1_318' title='bbox 907 3431 975 3486; x_wconf 88' lang='lat' dir='ltr'>licet</span> <span class='ocrx_word' id='word_1_319' title='bbox 993 3431 1048 3487; x_wconf 90' lang='lat' dir='ltr'>tibi</span> <span class='ocrx_word' id='word_1_320' title='bbox 1065 3449 1120 3489; x_wconf 88' lang='lat' dir='ltr'>nec</span> 
     </span>
     <span class='ocr_line' id='line_1_38' title="bbox 95 3496 1124 3628; baseline 0.012 -79"><span class='ocrx_word' id='word_1_321' title='bbox 95 3496 165 3551; x_wconf 86' lang='lat' dir='ltr'>DE</span> <span class='ocrx_word' id='word_1_322' title='bbox 181 3498 191 3570; x_wconf 62' lang='lat' dir='ltr'><em>j</em></span> <span class='ocrx_word' id='word_1_323' title='bbox 210 3498 356 3628; x_wconf 65' lang='lat' dir='ltr'>erpuini</span> <span class='ocrx_word' id='word_1_324' title='bbox 371 3501 437 3558; x_wconf 84' lang='lat' dir='ltr'>Vct</span> <span class='ocrx_word' id='word_1_325' title='bbox 454 3519 529 3558; x_wconf 70' lang='lat' dir='ltr'>uoce</span> <span class='ocrx_word' id='word_1_326' title='bbox 549 3502 663 3558; x_wconf 77' lang='lat' dir='ltr'>Grutert</span> <span class='ocrx_word' id='word_1_327' title='bbox 686 3502 789 3571; x_wconf 79' lang='lat' dir='ltr'>quietis</span> <span class='ocrx_word' id='word_1_328' title='bbox 811 3501 865 3575; x_wconf 65' lang='lat' dir='ltr'>Oli</span> <span class='ocrx_word' id='word_1_329' title='bbox 882 3502 918 3558; x_wconf 82' lang='grc'>26</span> <span class='ocrx_word' id='word_1_330' title='bbox 936 3519 971 3558; x_wconf 91' lang='lat' dir='ltr'>ex</span> <span class='ocrx_word' id='word_1_331' title='bbox 988 3505 1038 3560; x_wconf 92' lang='lat' dir='ltr'>tuo</span> <span class='ocrx_word' id='word_1_332' title='bbox 1053 3505 1124 3560; x_wconf 86' lang='grc' dir='ltr'>ΒΗ</span> 
     </span>
     <span class='ocr_line' id='line_1_39' title="bbox 84 3567 992 3647; baseline 0 -21"><span class='ocrx_word' id='word_1_333' title='bbox 84 3567 135 3621; x_wconf 70' lang='lat' dir='ltr'>tuo</span> <span class='ocrx_word' id='word_1_334' title='bbox 183 3571 223 3626; x_wconf 88' lang='lat' dir='ltr'><em>E</em></span> <span class='ocrx_word' id='word_1_335' title='bbox 231 3571 248 3647; x_wconf 74' lang='lat' dir='ltr'>fs</span> <span class='ocrx_word' id='word_1_336' title='bbox 282 3572 301 3630; x_wconf 88' lang='grc'><em>8</em></span> <span class='ocrx_word' id='word_1_337' title='bbox 319 3573 486 3634; x_wconf 81' lang='lat' dir='ltr'>iacentibus</span> <span class='ocrx_word' id='word_1_338' title='bbox 507 3576 531 3635; x_wconf 90' lang='lat'>0</span> <span class='ocrx_word' id='word_1_339' title='bbox 553 3572 717 3632; x_wconf 68' lang='lat' dir='ltr'>latentibus</span> <span class='ocrx_word' id='word_1_340' title='bbox 731 3573 897 3638; x_wconf 71' lang='lat' dir='ltr'>Wecerdoerp</span> <span class='ocrx_word' id='word_1_341' title='bbox 924 3618 927 3622; x_wconf 18' lang='grc' dir='ltr'><strong>Α</strong></span> <span class='ocrx_word' id='word_1_342' title='bbox 989 3603 992 3608; x_wconf 93' lang='grc'>-</span> 
     </span>
    </p>
   </div>
   <div class='ocr_carea' id='block_1_5' title="bbox 0 0 1205 3840">
    <p class='ocr_par' dir='ltr' id='par_1_5' title="bbox 0 0 1205 3840">
     <span class='ocr_line' id='line_1_40' title="bbox 0 0 1205 3840; baseline 0 0"><span class='ocrx_word' id='word_1_343' title='bbox 0 0 1205 3840; x_wconf 95' lang='lat' dir='ltr'> </span> 
     </span>
    </p>
   </div>
  </div>
 </body>
</html>
