2400 3840
347 183 397 237 DE
414 181 479 238 IRA
497 182 564 237 LIB.
578 182 611 238 ll.
645 183 722 239 OAP.
737 189 761 239 6.
778 188 792 238 '1
1037 188 1077 252 ’Π

66 331 107 396 ob
129 334 214 396 recte
236 330 357 395 factum
381 329 467 394 clara
484 329 717 414 magnificaque
735 332 797 412 est,
814 330 862 393 ira
881 330 921 394 ob
940 330 1079 395 alienum

65 423 231 503 peccatum
254 417 383 485 sordida
400 421 433 483 et
451 418 579 503 angusti
597 418 736 502 pectoris
755 422 811 482 est.
849 441 909 484 nec
927 442 1079 503 umquem
1097 436 1113 484 2

65 509 244 573 committet
274 508 389 591 virtus,
421 511 458 571 ut
489 507 582 590 vitia,
612 506 689 571 dum
719 509 894 592 conpescit,
924 508 1080 592 imitetur3

63 598 144 663 iram
167 599 271 682 ipsam
294 596 512 682 castigandam
534 596 643 679 habet,
667 618 748 680 quae
770 597 873 661 nihilo
891 598 1005 662 melior
1023 601 1080 680 est,

32 707 44 748 s
64 709 158 770 saepe
181 687 277 751 etiam
300 685 441 769 peioris
465 683 589 750 delictis
612 684 729 768 quibus
749 685 905 750 irascitur.
942 686 1079 771 gaudere

62 775 239 858 laetarique
261 775 429 858 proprium
447 777 480 839 et
496 774 642 838 naturale
663 774 792 838 virtutis
815 777 876 858 est3
899 775 993 840 irasci
1012 796 1079 839 non

64 868 113 929 est
136 887 175 928 ex
198 863 354 950 dignitate
376 864 458 947 eius,
480 884 547 927 non
569 863 671 948 magis
696 885 791 947 quam
814 885 966 928 maerere:
989 864 1079 947 atqui

64 952 246 1018 iracundiae
267 953 399 1018 tristitia
421 974 528 1017 comes
551 956 599 1016 est
622 955 654 1016 et
676 952 710 1016 in
731 953 815 1017 hanc
838 953 942 1017 omnis
962 953 1010 1016 ira
1027 953 1079 1016 vel

64 1046 139 1126 post
160 1042 389 1126 paenitentiam
410 1043 463 1106 vel
485 1045 560 1125 post
581 1041 742 1126 repulsam
768 1041 950 1106 revolvitur.
996 1045 1029 1106 et
1051 1042 1113 1107 sic

15 1154 44 1193 ro
64 1132 216 1215 sapientis
240 1135 288 1196 est
310 1131 449 1215 peccatis
472 1130 580 1213 irasci,
594 1130 706 1216 magis
729 1131 884 1196 irascetur
905 1130 1078 1195 maioribus

64 1223 96 1285 et
119 1243 212 1304 saepe
235 1221 401 1286 irascetur:
429 1220 587 1304 sequitur,
614 1223 651 1284 ut
676 1240 743 1283 non
765 1222 891 1284 tantum
913 1220 1013 1285 iratus
1037 1220 1079 1283 sit

64 1310 203 1394 sapiens,
236 1310 291 1375 sed
322 1308 501 1374 iracundus.
547 1309 637 1392 atqui
669 1309 696 1373 si
726 1331 786 1374 nec
817 1331 967 1395 magnam
998 1309 1079 1373 iram

62 1421 122 1463 nec
143 1400 342 1482 frequentem
365 1399 399 1462 in
422 1398 529 1462 animo
548 1398 701 1482 sapientis
720 1399 828 1463 locum
846 1399 962 1464 habere
981 1397 1078 1464 credi-

63 1509 147 1570 mus,
178 1487 256 1572 quid
285 1490 347 1570 est,
377 1509 474 1571 quare
503 1509 569 1551 non
597 1510 636 1551 ex
658 1488 728 1551 toto
751 1488 844 1552 illum
866 1489 929 1553 hoc
952 1487 1079 1552 adfectu

15 1599 43 1640 rs
62 1575 255 1641 liberemus?
293 1575 406 1640 modus
430 1576 514 1640 enim
538 1598 605 1640 esse
627 1596 694 1639 non
716 1579 837 1659 potest,
860 1577 887 1640 si
909 1598 968 1660 pro
992 1576 1077 1641 facto
1096 1594 1113 1641 4

64 1665 218 1747 cuiusque
240 1663 440 1728 irascendum
468 1666 529 1747 est3
554 1686 630 1728 nam
653 1667 708 1727 aut
730 1665 860 1749 iniquus
883 1666 956 1748 erit,
979 1666 1007 1730 si
1030 1688 1078 1728 ae·

65 1752 202 1836 qualiter
224 1752 378 1816 irascetur
401 1751 525 1816 delictis
547 1752 781 1836 inaequalibus,
804 1756 859 1816 aut
877 1753 1078 1818 iracundissi-

64 1861 150 1922 mus,
186 1840 213 1903 si
249 1840 368 1903 totiens
407 1839 610 1904 excanduerit
651 1841 798 1923 quotiens
840 1841 920 1905 iram
961 1842 1079 1906 scelera

64 1928 245 1993 meruerint.

15 2045 44 2085 ao
152 2016 222 2083 VH.
260 2017 305 2081 Et
332 2016 410 2102 quid
436 2017 600 2103 indignius
623 2039 720 2102 quam
743 2017 895 2101 sapientis
919 2016 1078 2082 adfectum
1098 2036 1112 2084 1

62 2129 102 2172 ex
125 2106 228 2172 aliena
248 2106 386 2192 pendere
403 2106 569 2191 nequitia?
605 2106 727 2172 desinet
744 2107 800 2171 ille
819 2104 966 2172 Socrates
984 2127 1078 2191 posse

62 2196 197 2261 eundem
220 2198 347 2261 vultum
370 2196 500 2261 domum
522 2196 653 2279 referre,
674 2216 769 2280 quem
788 2195 883 2260 domo
902 2195 1079 2260 extulerat?

63 2286 153 2369 atqui
176 2287 204 2351 si
226 2286 322 2352 irasci
344 2286 471 2371 sapiens
493 2285 631 2369 turpiter
650 2285 744 2350 factis
763 2284 856 2350 debet
875 2289 907 2350 et
925 2284 1077 2350 concitari

63 2375 309 2460 contristarique
328 2375 369 2440 ob
388 2375 514 2459 scelera,
530 2374 613 2438 nihil
626 2377 676 2438 est
688 2373 908 2440 aerumnosius
922 2374 1078 2459 sapiente:

12 2487 42 2529 as
63 2463 167 2527 omnis
196 2464 245 2528 illi
272 2487 330 2548 per
352 2463 549 2529 iracundiam
571 2485 809 2548 maeroremque
832 2463 899 2528 vita
920 2463 1077 2528 nansibit.

63 2551 150 2636 quod
169 2553 253 2617 enim
271 2556 469 2618 momentum
488 2553 562 2637 erit,
581 2574 644 2637 quo
658 2575 725 2617 non
738 2552 938 2636 inprobanda
950 2550 1078 2616 videat?
1096 2570 1111 2617 a

62 2641 211 2723 quotiens
233 2643 425 2726 processerit
443 2641 553 2725 domo,
571 2664 628 2725 per
647 2643 816 2707 sceleratos
834 2642 884 2706 illi
902 2663 1077 2724 avarosque

62 2733 95 2794 et
117 2730 271 2816 prodigos
294 2735 326 2795 et
347 2730 531 2821 inpudentia
552 2734 586 2815 et
603 2730 644 2816 ob
662 2731 725 2811 ista
742 2730 850 2796 felices
868 2728 1078 2795 incedendum

62 2819 137 2903 erit3
165 2842 324 2903 nusquam
355 2820 440 2884 oculi
469 2820 537 2885 eius
567 2817 749 2903 flectentur,
774 2822 899 2883 utnon
922 2817 1009 2902 quod
1031 2819 1078 2882 in-

13 2935 42 2975 eo
63 2907 235 2993 dignentur
257 2909 434 2973 inveniant:
460 2908 598 2992 deficiet,
621 2908 649 2974 si
670 2908 788 2973 totiens
807 2930 826 2971 a
844 2930 878 2972 se
896 2908 976 2971 iram
1000 2929 1077 2990 quo-

60 2997 144 3062 tiens
173 3019 268 3062 causa
294 3001 405 3082 poscet
432 2997 580 3083 exegerit.
625 2997 704 3062 haec
725 3000 776 3061 tot
797 2996 887 3061 milia
909 2996 949 3060 ad
971 2996 1111 3061 foruma

61 3086 167 3170 prima
188 3088 260 3151 luce
283 3086 489 3171 properantia
512 3108 608 3171 quam
630 3088 740 3170 turpes
762 3086 850 3169 lites,
873 3089 993 3169 quanto
1012 3088 1078 3148 tur·

152 3260 168 3314 1
186 3260 265 3344 plara
278 3260 321 3317 Αι
337 3262 384 3316 sed
402 3261 504 3316 lineola
521 3277 602 3316 auca
618 3266 657 3344 est
673 3259 719 3387 {kt
736 3261 761 3315 is
775 3260 916 3344 Rossbach
924 3259 977 3343 'his
992 3257 1033 3314 A⁶
1046 3261 1078 3314 iss

60 3333 474 3475 nasta-mur
487 3332 589 3474 aas.
600 3332 679 3458 tn
695 3331 736 3458 l
746 3331 956 3488 ,mesu
968 3332 1104 3459 nn,

58 3473 287 3616 matthea?
307 3481 372 3544 poet
396 3473 538 3530 extulerat
561 3474 762 3548 intempesta
787 3475 908 3543 aquus
928 3483 987 3535 uto
1010 3466 1126 3529 queram
