2400 3840
348 200 396 255 DE
414 200 479 254 IRA
497 200 565 254 LIB.
579 200 625 254 III.
659 199 844 259 CAP.13.14
1046 205 1109 270 123

90 347 187 413 etiam
211 346 409 432 gravissimis
432 347 526 412 rebus
550 347 729 430 subitisque
752 368 926 413 concussus
950 347 1031 412 iram
1054 351 1110 412 aut

89 444 157 501 non
184 436 301 501 sentiat
323 438 380 500 aut
406 435 628 520 magnitudine
654 435 839 520 inopinatae
861 436 997 501 iniuriae
1019 457 1109 501 exor-

89 529 157 589 tam
180 526 215 588 in
242 525 344 588 altum
372 525 514 589 retrahat
540 546 601 590 noc
626 524 770 589 dolorem
794 547 888 590 suum
910 525 1107 610 profiteatur.

89 614 123 679 id
141 613 212 678 fieri
229 636 324 697 posse
343 614 522 697 apparebit,
541 615 569 679 si
587 635 690 697 pauca
703 636 743 678 ex
755 615 851 679 turba
863 615 988 700 ingenti
1006 637 1109 679 exem·
1128 630 1144 679 ‘1

59 704 145 789 epla
168 703 348 787 protulero,
370 724 410 767 ex
431 702 547 785 quibus
567 707 741 787 utrumque
760 703 880 768 discere
897 704 988 787 licet,
1010 725 1109 787 quan·

88 797 160 856 tum
179 792 257 856 mali
275 791 391 856 habeat
413 793 475 874 ira,
501 792 558 856 ubi
579 792 749 856 hominum
772 794 1030 876 praepotentium
1052 815 1109 877 po-

89 884 206 946 testate
227 884 297 945 tota
319 881 430 964 utitur,
454 884 610 964 quantum
639 881 700 946 sibi
730 882 886 964 imperare
909 883 1026 964 possit,
1052 882 1109 946 ubi

90 972 179 1034 metu
200 970 321 1034 maiore
344 990 527 1054 compressa
549 974 606 1035 est,

179 1057 267 1123 XIV.
299 1056 479 1143 Cambysen
503 1080 612 1144 regem
638 1059 736 1124 nimis
759 1058 902 1123 deditum
920 1059 997 1123 vino
1016 1057 1142 1124 Prae-1

45 1169 72 1208 io
89 1169 204 1231 xaspes
227 1170 311 1213 uuus
335 1169 375 1212 ex
393 1148 567 1214 carissimis
586 1149 749 1231 monebat,
772 1152 809 1212 ut
827 1147 954 1231 parcius
977 1147 1110 1231 biberet,

89 1241 217 1322 turpem
240 1259 309 1302 esse
332 1237 440 1302 dicens
464 1237 649 1302 ebrictatem
672 1238 707 1301 in
729 1259 818 1323 rege,
845 1258 940 1320 quem
964 1237 1109 1301 omnium

91 1327 177 1392 oculi
200 1349 355 1410 auresque
378 1330 594 1410 sequerentur.
625 1327 766 1392 adhaec
789 1327 858 1390 ille:
876 1326 923 1390 ‘ut
947 1325 1040 1391 scias'
1062 1327 1109 1389 in·

89 1417 162 1500 quit
189 1414 471 1499 ‘quemadmodum
500 1436 677 1499 numquam
705 1416 850 1481 excidam
873 1415 969 1499 mihi,
996 1415 1109 1499 adpro·

89 1505 173 1569 babo
197 1506 262 1568 iam
285 1507 318 1568 et
341 1504 452 1569 oculos
474 1508 550 1587 post
572 1506 685 1569 vinum
712 1505 747 1568 in
770 1504 878 1569 officio
902 1527 971 1570 esse
994 1508 1026 1569 et
1044 1526 1109 1568 ma·

45 1611 71 1653 rs
89 1592 171 1658 nus'
215 1593 298 1657 bibit
321 1593 434 1657 deinde
460 1593 624 1658 liberalius
654 1614 751 1677 quam
781 1594 860 1658 alias
890 1594 1143 1677 capacioribusa

91 1681 222 1764 scyphis
255 1683 287 1743 et
315 1681 380 1744 iam
408 1682 515 1765 gravis
542 1703 580 1746 ao
609 1682 792 1746 vinolentus
821 1683 1036 1767 obiurgatoris
1059 1683 1110 1748 sui

90 1770 196 1832 filium
228 1768 400 1852 procedere
429 1769 515 1833 ultra
543 1770 644 1833 limen
671 1770 759 1834 iubet
782 1771 990 1853 adlevataque
1014 1793 1110 1854 super

92 1860 190 1940 caput
212 1856 342 1922 sinistra
364 1879 462 1921 manu
486 1861 578 1922 stare.
613 1861 692 1923 tuno
714 1859 852 1922 intendit
875 1881 985 1924 arcum
1008 1862 1040 1923 et
1062 1861 1110 1942 ip-

92 1967 164 2011 sum
192 1966 248 2011 cor
271 1945 497 2028 adulescentis,
524 1946 557 2010 id
581 1947 667 2011 enim
689 1950 797 2030 petere
820 1970 854 2011 se
878 1947 1013 2029 dixerat,
1037 1947 1109 2031 figit

45 2056 72 2096 '⁰
90 2034 589 2190 0010100001
606 2035 735 2189 titt
759 2034 1110 2189 tlzslltttsst

90 2213 222 2279 haberet
251 2147 390 2278 maniim.
444 2146 485 2278 at)
506 2214 562 2278 ille
590 2146 936 2299 negavitgaApollinem
966 2213 1109 2296 potuisse

90 2303 208 2369 certius
232 2303 367 2367 mittere.
418 2303 464 2367 dii
491 2302 584 2367 illum
614 2303 698 2367 male
716 2303 852 2387 perdant
874 2302 982 2367 animo
1006 2304 1144 2389 magisa

92 2413 188 2475 quam
218 2392 406 2458 condicione
436 2392 649 2477 mancipium!
681 2391 750 2457 eius
782 2393 829 2456 rei
857 2390 1007 2457 laudator
1033 2392 1108 2476 fuit,

45 2500 71 2542 10
91 2481 182 2546 cuius
205 2481 302 2546 nimis
326 2485 394 2546 erat
416 2485 629 2566 spectatorem
652 2481 760 2547 fuisse.
802 2482 1003 2547 occasionem
1020 2481 1109 2546 blan·

92 2569 244 2633 ditiarum
266 2571 395 2654 putavit
416 2574 529 2655 pectus
551 2571 613 2635 filii
640 2571 675 2635 in
701 2570 780 2635 dues
808 2574 915 2654 partes
942 2570 1108 2637 diductum

91 2661 124 2723 ct
147 2679 203 2724 cor
225 2659 284 2723 sub
307 2659 438 2724 vulnere
461 2660 637 2743 palpitans:
660 2660 911 2726 controversiam
933 2660 983 2724 illi
1005 2660 1109 2726 facere

91 2747 130 2812 de
153 2747 257 2832 gloria
279 2747 390 2812 debuit
412 2752 444 2813 et
465 2770 614 2814 revocare
632 2748 766 2832 iactum,
788 2753 826 2813 ut
848 2749 917 2834 regi
938 2749 1053 2813 liberet
1075 2749 1110 2812 in

90 2836 277 2989 ipqqnpptre
300 2838 468 2990 opimiorem
491 2858 622 2939 manum
641 2838 820 2939 ostenderet
866 2859 884 2902 o
908 2859 1017 2925 regem
1040 2851 1144 2903 cru-4

45 2944 72 2985 00
90 2947 131 2990 en
270 2946 289 2990 0
343 2947 456 3011 ignum
488 2948 523 2990 m
554 2948 649 3011 quem
682 2949 827 2992 ommum
855 2948 987 2992 suorum
1017 2948 1109 2993 arcus

90 3015 302 3079 verterentur!
361 3037 434 3081 cum
471 3015 610 3081 execrati
644 3015 799 3081 fuerimus
839 3016 932 3080 illum
961 3016 1110 3081 convivia

91 3102 258 3188 suppliciis
276 3104 506 3188 funeribusque
525 3105 715 3189 solventem,
735 3109 844 3169 tamen
862 3104 1045 3171 sceleratius
1064 3107 1109 3168 te-

89 3193 159 3257 lum
182 3192 263 3257 illud
281 3193 447 3258 laudatum
470 3198 518 3259 est
538 3215 634 3277 quam
652 3195 796 3260 missum.
828 3194 1007 3258 videbimus
1031 3214 1109 3275 quo-

179 3348 198 3403 2
216 3350 321 3405 sentiat
334 3350 377 3405 A⁶
394 3349 637 3422 sentiantA¹1l8
654 3351 685 3405 in
704 3351 792 3405 altum
810 3351 908 3405 Mrart
924 3347 1044 3418 insljmn
1057 3351 1086 3405 A
1098 3349 1109 3424 ΙΙ

89 3419 108 3475 t)
130 3420 304 3491 Praexaspes
326 3424 482 3478 Pirrcioaaa
507 3422 648 3492 (Herodot.
663 3424 720 3477 HI
729 3423 822 3492 343q.)
846 3420 1039 3493 traexlhaspes
1053 3423 1081 3477 A
1098 3430 1111 3484 [ι

90 3491 127 3546 lc
144 3494 174 3546 et
191 3492 249 3546 iam
263 3493 305 3548 A⁶
317 3495 350 3547 io
366 3509 422 3549 rac.
440 3491 509 3577 >1⁸20
525 3492 719 3567 revolsumque
734 3494 763 3548 A
778 3495 904 3564 (0100.οὴ
915 3491 1131 3561 manaem

90 3564 118 3617 Α
149 3565 224 3617 otum
242 3565 371 3633 vaaiur,
389 3571 493 3622 roccas
511 3571 544 3623 at
562 3565 621 3623 oid.
636 3566 673 3623 dc
691 3567 801 3637 rodco
