2400 3840
90 213 156 280 206
280 210 311 264 L.
325 209 468 264 ANNAEI
486 207 650 264 SENECAE
668 206 764 265 DlAL.
778 207 920 280 niam

90 357 297 439 animumque
324 355 431 440 ipsum
459 376 576 440 genera
602 353 778 438 voluptatis
801 376 902 438 prava
924 353 986 418 sibi
1011 355 1119 420 multa

90 445 282 531 suggerere?
333 445 368 509 in
403 444 516 528 primis
552 443 757 508 insolentiam
790 445 822 508 et
852 443 986 507 nimiam
1020 446 1119 510 aesti-

90 535 265 599 mationem
302 534 353 597 sui
388 537 612 616 tumoremque
644 533 761 596 elatum
796 554 892 616 super
924 535 1049 598 ceteros
1085 537 1120 599 et

91 645 232 689 amorem
255 644 362 687 rerum
386 644 516 688 suarum
539 643 669 688 caecum
688 626 721 685 et
738 621 958 706 inprovidum,
980 621 1117 688 delicias

90 713 219 777 fluentis
235 715 320 776 etex
333 712 475 776 minimis
494 733 531 777 ac
545 711 721 796 puerilibus
737 711 841 776 causis
855 710 1119 796 exsultationem,
1147 736 1153 776 t

90 802 155 866 iam
183 801 384 867 dicacitatem
412 822 449 866 ac
477 801 660 885 superbiam
683 799 886 865 contumeliis
909 799 1117 885 gaudentem,

92 891 245 957 desidiam
273 890 582 974 dissolutionemque
610 889 716 974 segnis
745 889 857 971 animi,
887 888 1116 955 indormientis

54 998 71 1046 a
91 980 161 1044 sibi.
206 979 285 1044 haec
308 981 418 1044 omnia
440 980 542 1044 virtus
566 979 699 1044 discutit
722 981 754 1042 et
776 998 885 1042 aurem
907 978 1060 1062 pervellit
1085 983 1117 1044 et

90 1070 271 1154 voluptates
296 1069 454 1152 aestimat,
478 1071 650 1152 antequam
673 1067 837 1150 admittat,
857 1087 917 1131 nec
941 1089 1021 1151 quas
1040 1090 1117 1152 pro·

90 1159 193 1242 bavit,
215 1158 325 1243 magni
347 1158 460 1241 pendit
474 1160 530 1221 aut
547 1157 659 1241 utique
678 1157 775 1220 etiam
794 1155 949 1239 admittit,
971 1177 1033 1222 nec
1050 1178 1118 1222 usu
1135 1181 1153 1222 u

91 1269 200 1312 earum
230 1247 286 1310 sed
312 1247 525 1329 tsmperaniia
550 1246 635 1311 laeta
662 1249 718 1310 esi.
764 1245 976 1328 temperantia
1003 1249 1117 1312 autem

91 1357 165 1401 cum
188 1332 400 1419 [voluptates]
423 1336 562 1418 minuat,
592 1335 710 1400 summi
731 1334 810 1399 boni
832 1335 950 1399 iniuria
972 1337 1029 1399 est.
1078 1339 1117 1400 tu

90 1425 291 1507 voluptatem
323 1424 558 1507 complecteris,
591 1445 651 1509 ego
679 1444 852 1508 conpesco;
880 1427 918 1487 tu
945 1423 1116 1508 voluptate

91 1513 222 1595 frueris,
244 1534 304 1598 ego
323 1518 411 1594 utor3
434 1515 471 1577 tu
489 1514 579 1577 illam
599 1535 760 1577 summum
778 1514 900 1577 bonum
917 1514 1027 1596 putas,
1051 1535 1115 1600 ego

89 1621 150 1666 nec
171 1602 307 1686 bonum3
329 1605 365 1666 tu
389 1603 498 1667 omnia
515 1603 691 1686 voluptatis
710 1623 806 1667 causa
823 1602 918 1685 facis,
940 1623 1000 1687 ego
1019 1602 1116 1668 nihil.
1134 1625 1153 1666 u

56 1744 70 1791 1
179 1724 233 1790 XI.
272 1724 352 1791 Oum
382 1727 454 1793 dico
478 1749 530 1792 me
552 1725 636 1791 nihil
653 1727 830 1810 voluptatis
854 1747 962 1811 eausa,
990 1725 1030 1792 de
1053 1727 1114 1793 illo

89 1817 206 1899 loquor
229 1817 385 1900 sapiente,
408 1817 461 1882 cui
485 1817 546 1882 soli
569 1815 772 1882 concedimus
795 1816 1003 1898 voluptatem.
1045 1838 1116 1882 non

89 1926 170 1971 voco
207 1909 314 1970 autem
351 1907 541 1990 sapientem,
579 1928 675 1990 supra
712 1926 807 1989 quem
844 1905 1017 1989 quicquam
1055 1910 1116 1990 est,

90 1995 208 2060 nedum
244 1996 408 2079 voluptas:
445 1996 535 2078 atqui
573 1995 612 2059 ab
644 1994 707 2059 hac
738 1997 912 2078 occupatus
946 1995 1113 2078 quomodo

90 2084 217 2149 resistet
247 2085 352 2149 labori
383 2088 415 2148 et
441 2085 600 2168 pericu10,
632 2083 767 2169 egestati
796 2087 828 2147 et
859 2085 910 2148 tot
936 2083 1115 2149 humanam
1133 2106 1153 2146 er

89 2174 189 2236 vitam
212 2173 549 2257 circumstrepentibus
568 2171 686 2237 minis?
722 2172 884 2257 quomodo
903 2176 1115 2257 conspectum

89 2261 211 2344 mortis,
231 2263 391 2345 quomodo
409 2262 534 2327 dolores
553 2261 643 2345 feret,
662 2261 824 2345 quomodo
839 2261 952 2326 mundi
966 2261 1113 2348 fragores

179 2505 195 2561 1
221 2523 382 2576 perversum
406 2508 466 2562 sira
489 2512 554 2576 post
576 2507 671 2576 ipsum
696 2507 834 2562 desiderat
862 2506 944 2563 Gertz
973 2507 977 2580 i
1006 2524 1113 2577 pravae

91 2579 231 2633 Rossbach
260 2578 263 2650 i
294 2578 349 2633 sibi
369 2580 466 2633 Haase
492 2579 540 2633 sed
559 2580 587 2633 A
611 2594 629 2631 a
650 2594 679 2632 se
700 2579 782 2634 Gertz
805 2578 815 2651 ll
842 2577 861 2632 4
885 2579 968 2634 cerba
993 2579 1112 2634 delicias

91 2649 203 2703 fluentis
224 2650 408 2704 Reitzenstein
433 2651 471 2705 ad
495 2668 519 2706 n.
541 2655 559 2704 6
585 2657 649 2719 post
674 2650 844 2724 gaudentem
869 2666 927 2723 non
950 2652 1011 2706 sine
1035 2653 1113 2706 insta

90 2737 177 2776 cansa
194 2721 302 2775 vitan
320 2722 466 2791 deiepasse,
485 2723 527 2777 ita
544 2728 577 2776 nt
594 2721 707 2776 fluentis
724 2727 809 2792 penei.
824 2738 905 2777 casus
917 2723 956 2776 sit
967 2720 978 2794 ii
992 2722 1008 2777 t
1022 2723 1113 2777 animi

87 2791 284 2866 sssdormientis
307 2791 349 2846 A¹
375 2809 445 2861 qnae
471 2793 545 2848 inter
570 2794 637 2848 baec
664 2793 719 2847 dno
746 2792 828 2847 rerba
853 2794 968 2860 fuerant
995 2795 1113 2862 litterae,

88 2880 186 2920 erasae
203 2870 280 2930 sent,
298 2869 331 2918 nt
347 2865 419 2918 nibil
437 2865 517 2920 alind
534 2881 609 2919 nnnc
627 2870 763 2933 appareat
774 2865 831 2918 nisi
843 2870 905 2932 post
923 2864 1012 2918 animi
1030 2865 1112 2920 litte

87 2941 191 3006 penate
208 2940 332 2990 notatam
349 2936 451 3003 fnisse3
472 2937 504 2990 in
526 2954 611 3007 marp.
630 2953 665 2990 ni.
684 2936 817 2990 recentior
841 2935 1038 2990 indormientis
1061 2937 1112 2991 ad-

88 3009 201 3077 scripsit
212 3005 223 3079 Η
240 3005 258 3060 b
272 3022 342 3075 quas
357 3019 375 3060 ς
393 3007 474 3075 quasi
483 3009 512 3062 A
525 3007 535 3092 [i
553 3007 589 3062 1o
601 3006 703 3076 pendit
717 3008 767 3060 aut
779 3005 879 3074 utique
893 3006 980 3061 etiam
991 3008 1114 3079 Madia

89 3079 190 3148 pendit
207 3078 283 3146 utiq3
307 3078 383 3133 enim
401 3078 439 3131 ad
457 3080 547 3132 mittit
564 3079 593 3134 A
615 3078 716 3147 pendit
733 3079 850 3146 totoque
869 3077 963 3132 animo
983 3078 1113 3134 admittit

92 3150 174 3206 Gertr
190 3149 303 3220 pendit;
322 3149 421 3218 utique
436 3150 511 3204 enim
526 3152 593 3218 <ut
607 3153 830 3219 supervacuas>
845 3149 974 3204 admittit
983 3151 1112 3206 Reitzen-

87 3223 178 3295 steinfl
187 3221 222 3276 12
230 3220 390 3290 voluptates
399 3223 480 3276 renna
488 3223 603 3277 inclusit
611 3222 795 3277 Reitzenstein
803 3220 848 3274 tui
857 3226 922 3289 post
930 3221 1034 3275 summi
1042 3221 1113 3276 boni

89 3294 158 3348 addi
176 3294 277 3348 maluit
295 3292 405 3366 Geniali
427 3292 464 3346 14
480 3294 546 3347 utor
562 3294 595 3347 in
611 3310 667 3349 ras.
682 3292 724 3348 A⁶
741 3291 751 3364 ii
770 3290 806 3346 16
824 3291 931 3359 iacere,
949 3292 1024 3362 qnod
1040 3293 1112 3365 reip.

89 3365 199 3420 adirent
212 3371 278 3434 post
295 3380 394 3432 causa,
412 3381 470 3420 non
487 3366 575 3419 estin
592 3364 621 3419 A
642 3363 653 3438 ΙΙ
675 3363 710 3418 l'r'
729 3362 908 3418 concedimus
926 3363 988 3419 dot.
1004 3364 1114 3421 Milies·

89 3436 221 3490 concedis
235 3438 261 3489 A
279 3434 290 3520 ii
307 3435 342 3491 18
361 3436 404 3490 est
421 3437 453 3491 in
470 3437 525 3504 line
543 3452 637 3490 versas
655 3436 720 3490 add.
734 3434 783 3503 A’,
799 3436 881 3490 initio
897 3451 963 3490 vers.
978 3451 1031 3505 sep.
1047 3443 1113 3492 ante

84 3523 124 3560 ne
143 3507 210 3560 dum
228 3513 362 3578 scriptun
379 3514 439 3564 erat
457 3507 481 3562 it
494 3508 608 3578 pinctis
621 3513 758 3574 notatam,
773 3507 846 3576 qnod
857 3512 952 3576 postea
964 3523 1034 3563 eras
1049 3515 1091 3565 est
1102 3506 1113 3581 ll

71 3574 114 3628 19
128 3577 187 3631 hac
199 3578 246 3633 A⁶
263 3583 292 3652 (c
310 3582 343 3639 in
362 3599 418 3641 ras.
434 3584 454 3640 2
472 3581 538 3654 litt.)
554 3579 569 3656 ii
583 3578 622 3636 tt
641 3577 782 3634 dolorosa
801 3577 907 3631 deluis
922 3580 949 3629 A
