2400 3840
107 199 159 254 uu
512 196 725 268 incursuro

107 351 241 429 graviter
263 349 397 408 laturum
420 347 502 423 quod
524 345 756 406 correctionibus
769 345 917 405 ¹futilibus
935 345 998 406 eius
1017 349 1131 423 spretis

107 459 143 498 ea
165 441 286 498 tanturn
310 437 553 511 commemoravi,
582 455 659 512 quae
682 435 810 495 alicuius
832 435 923 512 pretii
951 453 1014 495 esse
1044 437 1130 496 vide·

106 529 225 587 bantur.
270 529 357 586 notas
390 527 518 602 denique
549 525 619 584 illas
652 526 684 584 et
714 524 840 598 scholia,
870 543 948 601 quae
975 517 1131 590 A³A⁴A⁶

107 634 321 693 saepenumero
363 615 600 692 adscripserunt,
640 633 688 673 rne
728 613 860 690 recipere
896 612 1028 673 noluisse
1064 614 1131 674 iam

107 725 200 782 supra
223 705 292 764 dixi.

196 794 233 853 In
263 793 527 872 orthographia
555 791 703 868 optimum
729 789 827 850 visum
854 792 900 851 est
925 790 1026 868 ipsum
1052 791 1130 852 Arn-

106 884 280 943 brosianum
303 882 389 959 sequi
411 883 446 940 ut
468 881 671 963 ducemsatis
694 879 804 939 bonum
827 881 965 955 quamvis
983 899 1043 940 non
1070 882 1131 942 sibi

107 974 301 1032 constantem.
333 990 388 1031 nec
405 970 529 1031 verebar
549 989 585 1028 ne
610 970 656 1028 ita
680 969 907 1046 inaequalitatis
926 970 1038 1028 crimen
1057 971 1130 1030 sub·

106 1064 188 1122 irem‘.
220 1081 292 1120 narn
310 1080 347 1120 ne
364 1060 397 1118 id
415 1059 535 1135 quidem
556 1060 630 1118 satis
650 1061 834 1134 compertum
851 1058 1004 1134 habemus,
1023 1061 1131 1120 utrum

105 1152 170 1229 ipse
194 1151 306 1210 Seneca
333 1148 391 1208 sibi
415 1148 597 1224 constiterit,
624 1148 779 1222 multaque
800 1149 924 1207 monent
946 1166 1014 1206 eum
1035 1151 1073 1208 ut
1095 1151 1131 1210 in

106 1242 175 1300 aliis
212 1239 421 1316 neglegentem
455 1237 501 1296 ita
535 1237 568 1295 in
601 1236 649 1295 his
685 1236 774 1294 rebus
809 1237 993 1295 incuriosum
1024 1237 1130 1298 fuisse.

106 1331 208 1404 itaque
238 1327 353 1404 primae
381 1345 487 1386 manus
514 1327 645 1403 vestigia
671 1344 804 1401 premere
831 1325 974 1384 constitui
1001 1327 1032 1383 et
1060 1347 1131 1388 eam

106 1418 151 1477 ita
177 1418 276 1494 sequi,
306 1418 341 1474 ut
367 1415 461 1476 bonas
488 1416 653 1491 scripturas
681 1414 853 1489 formasque
883 1414 1069 1490 antiquiores
1093 1421 1132 1478 ut

107 1505 242 1565 ecodice
266 1505 428 1581 archetypo
454 1507 589 1564 servatas
610 1504 782 1577 retinerem,
805 1522 991 1578 quamquam
1010 1522 1131 1582 semper

105 1596 168 1654 fere
190 1587 234 1652 Α2
262 1596 315 1653 aut
336 1588 381 1652 A³
407 1625 445 1634 —
476 1592 512 1651 de
538 1593 606 1668 ipsa
628 1586 672 1649 Α1
699 1591 803 1650 dubito
833 1623 866 1631 -—
892 1591 924 1650 in
951 1593 1130 1656 usitatiores

105 1684 245 1743 mutavit.
281 1702 353 1742 narn
379 1685 415 1742 ut
440 1681 563 1740 tandem
585 1681 748 1756 aliquando
767 1699 870 1738 aarum
888 1681 1054 1741 formarum
1079 1705 1130 1743 er-

106 1773 221 1848 emplis,
241 1791 318 1848 qnae
332 1772 418 1830 Neue
433 1771 563 1848 collegit,
582 1771 718 1847 exempla
731 1767 896 1828 Annaeana
915 1769 1067 1830 addantur
1086 1806 1127 1816 —-

106 1864 136 1921 et
162 1862 261 1921 multa
289 1860 334 1920 ibi
359 1860 568 1920 desiderantur
591 1891 643 1930 -,
670 1859 835 1919 carendum
862 1861 910 1918 cst
931 1878 968 1918 ne
996 1881 1012 1918 e
1039 1863 1131 1922 textu

105 1951 300 2027 expellantur.
331 1969 399 2010 oum
419 1952 521 2008 autem
539 1948 601 2008 alia
618 1949 747 2008 retinere
765 1948 827 2006 alia
839 1966 990 2008 removere
1004 1951 1130 2028 nollem,

105 2041 208 2115 paullo
238 2041 327 2116 plura
356 2039 420 2098 eius
450 2037 566 2116 generis
596 2037 695 2112 recepi
722 2056 813 2113 quam
842 2034 929 2095 Gertz
956 2038 1036 2098 fecit.
1072 2061 1130 2101 nec

105 2129 290 2189 accusativos
321 2128 454 2205 plurales
480 2131 597 2184 metuas
620 2145 649 2200 p.
665 2126 751 2200 aad
783 2126 995 2198 magistratum
1020 2129 1128 2204 35‚25

103 2218 224 2290 fartam
249 2221 326 2291 71,1
354 2215 453 2293 sprevi
480 2232 534 2273 nec
561 2213 693 2290 genetivi
717 2212 878 2290 singularis
901 2217 932 2273 et
954 2215 1051 2277 dativi
1076 2220 1129 2278 ab·

104 2305 252 2380 lativique
275 2305 402 2380 pluralis
421 2301 569 2362 secundae
587 2301 796 2361 declinationis
816 2303 927 2363 formas
946 2307 1130 2384 contractas,

105 2393 216 2471 quippe
246 2412 323 2468 quas
354 2394 387 2451 in
418 2390 582 2469 tragoediis
614 2409 734 2466 quoque
766 2410 784 2449 a
818 2391 928 2451 Seneca
963 2400 1129 2472 usurpatas

104 2482 235 2543 riderem
261 2476 312 2562 (-
342 2480 473 2540 numeris
496 2482 566 2538 utor
588 2477 729 2539 Leoninis
747 2511 787 2520 -
803 2481 902 2553 tepent
924 2481 1034 2542 Phoen.
1051 2487 1130 2563 238,

103 2573 209 2646 imperi
230 2570 342 2629 Phoen.
358 2571 432 2629 296.
453 2570 514 2627 661
540 2567 665 2627 Phaedr.
682 2569 746 2627 868
766 2567 836 2628 Oed.
853 2570 895 2628 84
914 2570 1035 2646 Thyest.
1052 2575 1129 2636 223.

105 2663 184 2734 239,
230 2661 346 2731 (arbitri¹
376 2658 452 2718 Med.
480 2658 556 2732 137,
603 2658 734 2731 coaiapi·
757 2657 834 2716 Med.
862 2659 942 2732 481,
987 2666 1131 2735 supererit

102 2748 229 2808 Phaedr.
251 2751 323 2822 799,
352 2747 456 2814 consili
481 2746 601 2821 Thyest.
622 2747 695 2804 308.
716 2748 789 2821 325,
817 2747 900 2806 callis
922 2747 1034 2809 Phoen.
1052 2753 1129 2829 625,

103 2839 246 2912 supplicis
267 2836 344 2896 Med.
363 2827 473 2915 1015).
519 2836 591 2893 item
614 2835 726 2895 formas
752 2837 919 2895 contractas
939 2840 1025 2912 peret,
1055 2844 1128 2914 abac,

103 2927 200 2995 cadit,
229 2926 316 2994 desit,
340 2927 406 2999 pete*
430 2924 496 2984 sim.
542 2942 648 3000 prosae
677 2923 807 2983 orationi
828 2923 1010 2987 Annaeanae
1039 2930 1129 2992 abro-

103 3017 171 3094 gari
200 3034 261 3072 non
288 3033 375 3090 posse
404 3016 435 3073 et
461 3012 555 3071 mirus
584 3011 719 3072 codicum
746 3014 928 3089 optimorum
955 3034 1130 3098 consensus,

102 3104 333 3180 Bambergensis
356 3103 423 3160 dico
446 3104 479 3161 in
498 3101 649 3178 epistulis,
672 3101 865 3160 Ambrosiani
882 3104 914 3160 in
933 3103 1073 3184 dialogis,
1099 3115 1131 3172 et

102 3192 330 3272 tragoediarum
358 3210 431 3251 usus
461 3191 536 3250 satis
566 3191 734 3248 luculenter
765 3190 897 3250 ostendit
924 3185 1010 3273 (petit
1036 3196 1129 3261 Herc.

104 3284 161 3341 fur.
178 3284 252 3341 244.
277 3282 340 3340 825
366 3280 473 3338 Troad.
490 3279 553 3337 348
574 3280 637 3352 peti
657 3278 744 3338 Herc,
765 3277 829 3338 Oet.
855 3282 940 3339 1843
964 3282 1043 3344 Med.
1060 3288 1129 3350 248

99 3374 179 3444 pera
200 3369 309 3430 Troad.
326 3369 387 3427 631
414 3368 478 3427 adit
499 3367 586 3426 Herc.
610 3367 667 3424 fur.
688 3368 749 3424 321
773 3369 832 3426 obit
847 3368 935 3428 Herc.
955 3368 1021 3431 Oet.
1038 3378 1128 3438 1911

103 3460 210 3519 Troad.
231 3461 296 3519 597
330 3458 392 3516 coir
422 3456 510 3515 Herc.
537 3449 733 3534 0611977).
787 3457 819 3513 in
850 3460 1130 3534 praepositionibus

102 3548 201 3608 verbis
225 3548 333 3623 quibus
356 3546 478 3604 iunctae
502 3545 574 3602 sunt
596 3545 651 3603 aut
674 3544 873 3605 assimilandis
897 3549 1032 3609 autnon
1053 3559 1131 3616 assi·
