2400 3840
101 197 168 264 264
297 195 327 249 L.
342 193 485 248 ANNAEI
503 193 668 249 SENECAE
686 193 781 250 DIAL.
795 193 864 249 LIB.
875 193 921 250 IX.

101 341 179 407 feeit
200 340 417 405 habitabilem.
455 338 570 405 adhibe
588 340 745 404 rationem
764 338 1028 405 difficultatibus:
1051 363 1127 426 pos·

103 434 178 495 sunt
207 434 239 494 et
266 429 345 493 dura
371 428 492 494 molliri
514 433 546 493 et
569 432 705 514 augusta
727 429 830 493 laxari
852 432 885 494 et
908 429 1021 515 gravia
1045 431 1127 496 saite

67 536 83 585 o
101 519 232 584 ferentis
255 519 362 582 minus
381 539 532 602 premere.
568 540 634 582 non
652 522 728 582 sunt
745 521 909 602 praeterea
927 519 1127 602 cupiditates

102 609 136 672 in
158 607 372 693 longinquum
402 607 590 690 mittendae,
621 607 734 672 sedin
756 607 899 672 vicinum
923 607 989 672 illis
1012 609 1127 695 egredi

102 696 338 780 permittamus,
366 696 518 780 quoniam
545 695 667 761 inoludi
695 718 734 760 ex
760 699 831 761 toto
854 717 921 761 non
942 697 1126 780 patiuntur.
1156 716 1166 757 s

101 785 221 851 relictis
253 785 295 869 is,
327 806 409 869 quae
441 789 497 849 aut
525 804 592 849 non
615 788 751 869 possunt
774 785 844 850 fieri
867 789 923 849 aut
946 785 1127 852 difficulter

102 877 250 959 possunt,
268 896 369 958 prope
387 875 494 958 posita
512 874 644 958 speique
662 878 791 939 nostrae
810 873 995 939 adludentia
1009 895 1126 962 sequa·

102 986 188 1047 mur,
218 963 273 1028 sed
296 964 434 1028 sciamus
458 964 565 1027 omnia
587 985 688 1047 aeque
710 963 794 1028 levia
817 983 899 1046 esse,
922 963 1126 1030 extrinsecus

103 1053 242 1118 diversas
274 1052 371 1118 facies
401 1051 566 1133 habentia,
595 1052 753 1117 introrsus
783 1052 903 1136 pariter
925 1074 1017 1118 vana
1066 1075 1127 1120 neo

102 1142 300 1207 invideamus
331 1141 427 1205 altius
457 1141 628 1205 stantibus:
659 1162 740 1224 quae
769 1142 894 1206 excelsa
921 1141 1166 1226 videbantur,1e

68 1248 84 1296 e
102 1234 274 1315 praerupta
292 1232 375 1294 sunt.
411 1230 460 1293 illi
478 1250 602 1311 rursus,
621 1250 701 1312 quos
720 1252 788 1295 sors
807 1231 918 1313 iniqua
936 1229 971 1295 in
989 1232 1128 1317 ancipiti

102 1321 224 1404 posuit,
246 1319 382 1382 tutiores
405 1322 499 1382 erunt
521 1318 705 1401 superbiam
728 1318 923 1384 detrahendo
949 1320 1049 1386 rebus
1069 1344 1128 1407 per

103 1430 136 1473 se
165 1406 309 1491 superbis
332 1410 365 1471 et
387 1407 549 1471 fortunam
573 1429 663 1472 suam
686 1429 783 1491 quam
807 1408 945 1473 maxime
968 1413 1127 1493 poterunt

103 1498 138 1560 in
155 1497 288 1579 planum
307 1494 486 1559 deferendo.
522 1496 617 1560 multi
632 1496 762 1580 quidem
776 1501 866 1580 sunt,
884 1497 1002 1580 quibus
1015 1521 1126 1566 neees-

104 1585 187 1649 sario
206 1582 400 1649 haerendum
419 1585 461 1649 sit
479 1584 513 1649 in
531 1585 661 1671 fastigio
681 1607 754 1668 suo,
772 1608 812 1650 ex
826 1607 889 1669 quo
904 1608 972 1651 non
985 1593 1127 1671 possunt
1143 1605 1165 1647 1⁵

102 1673 166 1738 nisi
185 1672 325 1738 cadendo
345 1673 547 1757 descendere,
566 1674 622 1739 sed
639 1676 702 1740 hoo
720 1675 827 1758 ipsum
845 1678 1005 1740 testentur
1023 1679 1127 1743 maxi·

104 1784 193 1826 mum
216 1783 297 1826 onus
321 1785 415 1827 suum
433 1785 517 1846 esse,
540 1763 626 1848 quod
645 1764 716 1827 aliis
735 1785 848 1848 graves
868 1787 936 1829 esse
955 1771 1127 1852 cogantur,

103 1873 163 1917 neo
186 1852 367 1917 sublevatos
391 1874 425 1917 se
448 1852 504 1917 sed
526 1852 674 1917 suffixos:
702 1853 839 1936 iustitia,
866 1857 1126 1941 mansuetudine,

103 1940 317 2024 humanitate,
344 1941 436 2027 larga
463 1944 495 2006 et
522 1940 662 2026 benigna
684 1963 782 2005 manu
804 1947 997 2026 praeparent
1018 1946 1128 2011 multa

104 2030 145 2095 ad
180 2031 336 2096 secundos
373 2050 465 2095 oasus
501 2030 672 2114 praesidia,
710 2051 848 2114 quorum
884 2053 941 2115 spe
977 2035 1126 2100 securius
1143 2053 1166 2092 ao

102 2121 269 2203 pendeant.
315 2119 399 2183 nihil
420 2123 529 2183 tamen
551 2141 651 2204 aeque
674 2141 733 2184 nos
757 2119 797 2183 ab
820 2119 871 2186 his
895 2121 996 2185 animi
1017 2123 1127 2190 flueti-

104 2207 164 2272 bus
193 2208 416 2291 vindioaverit,
451 2229 547 2291 quam
581 2229 706 2292 semper
740 2208 880 2292 aliquem
915 2209 1126 2279 inerementis

104 2297 276 2361 terminum
295 2296 407 2381 figere,
424 2319 484 2362 neo
502 2296 649 2361 fortunae
668 2297 835 2362 arbitrium
854 2297 1020 2363 desinendi
1040 2301 1127 2386 dare,

105 2385 161 2449 sed
167 2385 255 2469 ipsos
265 2387 367 2449 multo
379 2385 508 2469 quidem
518 2385 597 2449 citra
605 2387 751 2469 exempla
757 2388 927 2452 hortentur
934 2388 1127 2457 consistere:

105 2474 152 2538 sio
181 2478 213 2538 et
242 2473 367 2557 aliquae
404 2475 595 2558 cupiditates
630 2475 774 2553 animum
804 2480 920 2541 acuent
951 2480 984 2541 et
1011 2477 1128 2546 finitae
1145 2495 1168 2539 re

104 2584 171 2626 non
193 2563 227 2626 in
249 2564 443 2627 immensum
465 2563 685 2648 incertumque
708 2564 849 2647 produoe
871 2568 894 2629 t.

194 2843 256 2898 4111
269 2843 423 2914 longinqua
437 2846 465 2900 A
479 2863 547 2901 corr.
562 2847 630 2916 oolp.
644 2845 655 2918 {l
672 2845 690 2899 5
704 2852 768 2914 post
780 2844 888 2900 includi
903 2847 983 2902 Koch
997 2864 1027 2903 sa
1042 2852 1128 2920 ada,

105 2916 200 2971 dubito
222 2917 281 2972 coll.
300 2916 367 2972 dial.
388 2918 419 2971 X
437 2922 507 2985 14,2
527 2919 595 2972 Hor.
611 2935 632 2972 e.
652 2919 715 2986 12,
728 2922 764 2972 43
787 2918 863 2986 aptet.
882 2919 903 2971 I
917 2923 1129 2990 5,15;16‚29

112 2989 186 3058 Vero
197 2989 267 3043 Aea.
280 2989 356 3043 VIII
367 2987 443 3060 5771}
461 2987 479 3041 6
496 2988 553 3057 isq3
568 2988 610 3042 A¹
622 2988 667 3043 his
681 3004 755 3056 quaa
768 2989 848 3058 A'(?)
866 2987 877 3061 d
895 2989 928 3044 11
942 3007 1040 3046 rursus
1054 2996 1126 3080 ootq.

106 3060 230 3131 auertsus
244 3058 286 3113 A¹
299 3075 367 3114 corr.
382 3076 416 3113 ea
434 3059 542 3131 auriens
555 3059 565 3131 tt
584 3059 618 3113 12
631 3060 727 3128 posuit
741 3072 758 3114 s
775 3079 787 3124 p
801 3060 856 3113 fuit
869 3061 897 3115 A
914 3059 925 3133 d
943 3060 978 3115 19
991 3062 1127 3120 humam-

105 3133 166 3186 tate
187 3132 303 3200 Lipsius
326 3130 451 3184 humana
476 3133 505 3200 (a
526 3133 647 3199 sequenti
669 3148 731 3186 voce
752 3133 832 3186 solito
854 3133 957 3187 maiore
976 3134 1128 3193 Intervallo

105 3200 272 3272 separatum)
291 3203 319 3257 A
372 3202 453 3271 larga
471 3201 513 3257 A⁶
535 3200 633 3271 larges,
651 3202 693 3257 A¹
716 3202 726 3275 {t
750 3202 786 3257 20
806 3203 942 3257 secundos
956 3205 998 3272 A,
1016 3210 1128 3276 confert

109 3274 190 3328 Gertz
212 3273 284 3329 Suet.
361 3290 404 3328 oo.
426 3278 444 3328 9
468 3273 478 3346 tt
504 3272 540 3327 23
561 3274 643 3328 verba
665 3289 717 3327 nee
739 3272 940 3329 fortunae
960 3277 1125 3337 consistere.

109 3344 191 3401 Gertz
215 3352 284 3400 reete
307 3347 349 3400 ita
373 3346 505 3414 ereptant:
531 3347 560 3398 et
585 3345 713 3414 exempla
738 3347 841 3414 (emam
862 3347 920 3400 ecit.
941 3348 990 3415 qui
1011 3364 1072 3405 non
1094 3353 1128 3407 tn

106 3423 223 3486 tempore
247 3418 434 3487 coruttterrmt)
461 3416 610 3470 hortentur
636 3433 693 3470 non
719 3416 787 3471 dare
814 3416 945 3471 fortunae
972 3416 1128 3476 arbitrium

105 3487 265 3556 desInendi,
291 3488 342 3542 sed
366 3489 443 3558 ipsos
469 3488 540 3542 eitra
565 3490 594 3558 (i.
609 3504 630 3544 e.
650 3493 796 3555 autequam
817 3488 932 3554 fortuna
953 3505 1007 3545 sua
1026 3500 1128 3561 sponte

90 3557 215 3628 drasam)
236 3561 401 3620 consistere.
