2400 3840
90 201 155 267 102
284 198 316 253 L.
329 196 472 251 lxxem
489 195 654 251 amesa
672 195 768 251 Dm..
781 194 850 251 ΗΒ,
862 192 911 249 Ν.

89 344 162 428 quis
194 342 280 408 enim
311 344 361 409 illi
390 343 493 408 sciens
522 342 641 407 faeeret
669 339 843 407 iniuriam?
885 344 1004 425 postea
1034 343 1116 407 satis

88 434 220 499 facienti
249 430 343 498 Cato:
379 432 463 497 ‘nou
490 430 638 495 memini’
666 431 773 514 inquit
802 429 870 495 ‘me
897 430 1117 514 percussum'

54 540 72 588 8
89 522 204 587 melius
227 522 352 606 putavit
375 543 443 585 nou
464 542 637 606 agnoscere
657 541 756 603 quam
777 518 949 584 vindieare
994 518 1115 585 ‘nihil’

88 612 197 695 inquis
220 611 285 674 ‘illi
307 615 382 695 post
403 613 527 674 tantam
549 608 762 693 petulantiam
783 608 862 673 mali
879 607 1008 673 adum
1027 608 1116 675 eatl’

89 700 190 765 immo
222 701 361 764 multum
390 699 483 763 boui:
523 699 630 781 eoepit
659 696 814 762 Catonem
841 716 947 761 nosse.
1000 698 1151 785 magnis

90 788 191 854 animi
220 793 268 852 est
296 788 430 853 iniurias
460 786 635 871 despicere3
665 786 799 851 ultiouis
826 786 1116 853 eoutumeliosiasi·

90 900 181 944 mum
217 898 318 964 genus
354 882 403 942 est
436 898 504 941 nou
534 897 604 941 esse
639 876 745 940 visum
781 875 931 961 dignum,
967 896 1011 940 ex
1049 898 1114 961 que

89 970 252 1051 peteretur
280 967 370 1032 ultio.
417 965 512 1029 multi
538 966 624 1030 leves
651 964 785 1029 iniurias
807 963 904 1029 altius
926 963 992 1029 sibi
1014 964 1116 1031 demi·

91 1079 174 1139 sere,
195 1056 273 1120 dum
295 1054 473 1119 vindicant:
502 1054 557 1120 ille
579 1075 717 1139 magnus
740 1057 773 1118 et
793 1052 926 1131 nobilis,
944 1052 1005 1137 qui
1023 1076 1116 1120 more

90 1167 227 1231 magnae
239 1146 325 1209 ferae
338 1146 473 1208 latratus
487 1144 685 1207 minutorum
699 1164 816 1207 eanum
830 1162 963 1207 seeurus
972 1143 1115 1208 exaudit.
1130 1162 1149 1203 a

58 1270 72 1317 1
180 1249 329 1315 XXXIII.
367 1249 506 1313 ‘hlinus’
531 1250 637 1333 inquit
664 1249 936 1331 ‘contemnemur,
958 1248 990 1313 si
1010 1250 1116 1315 vindi·

92 1341 270 1406 caverimus
292 1338 463 1402 iniuriam?
507 1339 536 1402 si
563 1342 729 1422 tamquam
757 1338 798 1402 ad
824 1336 1006 1402 remedium
1028 1340 1116 1405 reni·

93 1449 180 1510 mus,
202 1427 271 1491 sine
293 1429 342 1491 ira
363 1428 544 1511 veniamus,
564 1449 632 1491 nou
654 1426 747 1512 quasi
768 1426 862 1492 dulee
884 1426 928 1491 sit
944 1426 1117 1511 vindicari,

93 1516 149 1582 sed
182 1517 274 1598 quasi
304 1516 398 1599 utile;
429 1537 523 1600 saepe
552 1520 659 1581 autem
689 1515 789 1580 satius
818 1515 883 1579 fuit
908 1514 1117 1582 dissimulare

93 1627 192 1689 quam
220 1604 341 1670 uleisei.
386 1606 604 1689 potentiorum
633 1604 768 1670 iniuriae
796 1604 894 1668 hilari
914 1604 1028 1690 vultu,
1050 1623 1149 1672 nona

93 1694 253 1779 patienter
280 1698 407 1758 tentum
436 1693 584 1758 ferendae
607 1698 695 1758 sunt:
730 1693 849 1758 faeieut
871 1694 1008 1778 iterum,
1030 1695 1062 1759 si
1084 1716 1117 1760 se

93 1784 207 1849 fecisse
229 1783 428 1848 crediderint.
464 1782 528 1848 hoe
544 1783 665 1847 habent
681 1783 858 1866 pessimum
876 1782 979 1847 animi
996 1805 1117 1870 magna

58 1889 74 1938 2
93 1874 224 1938 fortuna
240 1873 429 1938 insolentes:
448 1893 529 1957 quos
546 1873 708 1936 laeserunt
721 1874 754 1936 et
768 1871 912 1936 oderunt.
942 1872 1118 1938 notissima

93 1986 158 2028 vox
175 1967 224 2027 est
242 1963 310 2027 eius
329 1962 387 2047 qui
403 1961 439 2025 in
456 1962 546 2026 eultu
559 1982 672 2046 regum
686 1964 910 2026 consenuerat:
927 1981 1007 2026 eum
1022 1962 1116 2027 illum

94 2052 224 2136 quidam
248 2052 474 2137 interrogaret,
496 2051 659 2133 quomodo
681 2050 879 2115 rarissimam
899 2070 969 2113 rem
987 2050 1026 2115 iu
1044 2052 1150 2116 auhn

94 2145 285 2206 consecutus
314 2144 411 2223 esset,
440 2143 650 2204 seueetntem:
688 2137 855 2204 ‘iniurias'
882 2138 992 2222 inquit
1020 2140 1117 2206 ‘aoei-

95 2228 212 2312 piendo
235 2233 267 2293 et
289 2230 409 2315 gratias
432 2226 578 2314 agendo?
618 2248 712 2311 saepe
734 2229 814 2292 adeo
836 2227 991 2293 iniuriam
1014 2228 1117 2294 vindi·

95 2339 168 2382 eare
208 2339 275 2381 non
313 2317 454 2401 expedit,
494 2320 531 2381 ut
569 2339 610 2381 ue
650 2316 745 2381 fateri
784 2316 914 2402 quidem
954 2318 1115 2403 expediat.

59 2404 129 2470 ΒΟ.
159 2403 273 2470 Caesar
308 2405 450 2470 Pastoris
485 2405 644 2488 splendidi
680 2405 797 2490 equitis
832 2404 974 2470 Romani
1011 2407 1116 2473 filium

96 2516 171 2560 eum
189 2494 224 2558 iu
246 2495 393 2559 custodia
414 2495 577 2559 habuisset
600 2495 767 2559 munditiis
785 2495 853 2559 eius
872 2498 905 2559 et
922 2494 1151 2562 cultioribus

96 2583 221 2666 capillis
252 2584 405 2667 offensus,
434 2586 569 2670 rogante
600 2587 691 2667 patre
722 2587 760 2648 ut
791 2585 927 2649 salutem
959 2582 1027 2649 sibi
1057 2584 1117 2650 filii

96 2672 297 2757 eoneederet,
319 2672 411 2757 quasi
434 2672 472 2737 de
493 2673 651 2756 supplicio
671 2672 853 2737 admonitus
872 2671 947 2738 duei
964 2674 1116 2756 protinus

96 2761 203 2845 iussit;
232 2784 273 2826 ue
304 2765 413 2826 tamen
445 2762 554 2826 omnia
584 2761 758 2826 inhumane
789 2762 908 2827 faeeret
943 2760 1117 2829 adversum

60 2866 78 2913 4
96 2854 235 2934 patrem,
257 2851 297 2915 ad
320 2873 431 2917 eeuam
455 2851 547 2915 illum
571 2872 609 2915 eo
630 2850 681 2916 die
699 2851 856 2915 invitavit.
891 2850 982 2914 venit
1001 2850 1117 2918 Pastor

96 2940 189 3004 vultu
217 2940 300 3004 nihil
329 2941 549 3024 exprobrante.
598 2939 783 3024 propinavit
805 2940 854 3003 illi
877 2937 995 3004 Caesar
1016 2940 1118 3007 hemi·
1131 2956 1152 2997 ω

95 3051 171 3094 nam
203 3033 235 3094 et
266 3029 375 3113 posuit
406 3030 456 3093 illi
483 3029 663 3094 custodem:
698 3028 884 3114 perduravit
909 3028 1025 3113 miser,
1051 3052 1117 3097 uon

95 3119 188 3184 aliter
216 3140 312 3202 quam
340 3120 368 3183 si
395 3119 443 3182 fili
470 3119 658 3204 sanguinem
681 3118 812 3184 biberet.
856 3122 1064 3204 unguentum
1086 3122 1117 3185 et

185 3274 203 3329 4
227 3277 392 3344 postautam
411 3274 453 3329 Α1
477 3274 635 3344 p'sstentum
655 3275 698 3330 Α15
723 3274 734 3347 ll
760 3275 778 3329 6
803 3275 943 3344 dispicere
963 3274 1008 3331 A¹
1035 3277 1117 3347 desp-

96 3346 172 3402 A’I.
198 3346 209 3418 tl
236 3347 254 3400 9
279 3348 322 3400 est
343 3351 407 3415 post
431 3345 533 3400 nobilis
556 3347 620 3401 add.
638 3348 707 3417 oolp.
734 3346 745 3419 Η
771 3345 807 3401 10
829 3362 930 3400 eanum
945 3347 974 3401 L
996 3354 1033 3405 ut
1048 3349 1116 3419 oola.

97 3418 203 3472 eiuium
213 3418 240 3472 A
255 3417 427 3471 minutorum
441 3433 554 3471 securus
567 3435 630 3472 eum
642 3430 660 3472 ς
674 3419 777 3474 Gruter
789 3424 816 3473 et
828 3419 925 3474 Haase
941 3416 953 3491 ΙΙ
970 3417 1010 3473 lo
1022 3420 1117 3476 maun

99 3487 123 3540 si
141 3504 171 3542 ae
189 3488 305 3542 laesisse
329 3487 515 3555 crediderint;
538 3490 610 3544 idem
631 3506 739 3560 propos.
753 3490 846 3546 Altera
867 3488 878 3563 lt
901 3486 938 3544 24
957 3488 1019 3545 .(l.
1039 3506 1117 3565 epsat

87 3558 203 3627 ΑΜ)
219 3558 294 3613 nihil
313 3560 341 3633 (h
361 3578 397 3618 ex
413 3560 425 3616 l
444 3564 527 3634 corr.)
542 3563 570 3617 A
