2400 3840
90 182 133 246 26
290 178 323 232 L.
336 176 480 231 Anum
497 174 662 232 Sunucis
680 175 775 230 DlAL.
789 175 857 230 ΗΒ.
871 174 906 231 11

88 324 198 389 venies
220 344 349 387 servum
372 320 430 406 qui
450 321 587 408 flagellis
614 343 712 406 quum
734 320 880 407 colaphis
902 320 993 386 coedi
1015 322 1114 388 molit

89 417 123 477 et
152 413 211 496 qui
240 415 378 476 mortem
409 433 448 477 sc
468 412 601 477 verbero
626 411 846 476 tolerabiliora
871 409 981 476 credat
1009 431 1114 496 quem

54 501 323 567 econtumeliosu
343 501 448 566 verbu
484 501 525 565 nd
546 504 654 565 tontes
676 501 813 584 ineptius
835 503 1029 584 perventum
1052 505 1114 586 est,

89 595 127 654 ut
157 612 225 655 non
253 589 364 655 dolore
391 594 518 654 tentum
547 590 604 655 sed
628 589 749 655 doloris
776 590 929 674 opinione
954 610 1114 655 vexemur

90 702 179 744 more
208 701 395 764 puerorum,
423 679 540 763 quibus
563 683 687 743 metum
708 679 825 743 incutit
846 678 963 743 umbro
982 681 1018 742 et
1040 700 1114 762 per·
1139 699 1149 740 s

89 790 241 832 sonarum
264 768 450 834 deformitas
472 772 505 832 et
527 767 700 851 depravato
721 768 835 850 mdes,
859 768 1009 833 lscrimm
1032 790 1112 833 uero

89 861 225 922 evocant
254 859 387 923 nomine
422 879 538 941 perum
572 861 666 943 grets
695 857 826 922 auribus
863 861 896 920 et
931 855 1113 942 digitorum

89 952 197 1011 motus
226 951 259 1011 et
286 948 351 1012 elis
379 968 462 1030 quse
490 946 615 1029 impetu
644 946 784 1030 quodem
807 946 924 1010 erroris
946 945 1113 1029 inprovidi

55 1036 261 1122 erefugiunt
292 1035 415 1100 Iniuria
431 1036 635 1120 propositum
658 1035 721 1101 hoc
742 1035 841 1100 hebet
862 1035 1003 1118 aliquem
1022 1037 1111 1101 melo

88 1126 238 1208 edfice1e3
260 1127 347 1189 melo
371 1128 478 1188 eutem
501 1125 658 1208 sepientis
679 1147 746 1189 non
768 1125 922 1207 relinquit
940 1125 1055 1189 locum
1068 1161 1113 1172 -
1127 1146 1147 1187 u

89 1237 190 1279 unum
217 1215 304 1279 enim
331 1214 380 1277 illi
402 1215 524 1277 mulum
547 1218 596 1277 est
615 1212 799 1297 turpitudo,
822 1235 904 1296 queo
926 1213 1051 1279 intrare
1073 1235 1111 1279 oo

88 1305 146 1368 nbi
173 1304 239 1366 ium
261 1303 365 1366 virtus
386 1301 623 1386 honestumque
651 1306 700 1366 est
722 1324 790 1367 non
810 1305 920 1386 potest
941 1324 999 1365 -ε
1023 1323 1114 1390 ergo,

89 1393 118 1455 si
140 1392 258 1454 iniuria
279 1392 349 1455 sine
370 1392 457 1454 mulo
475 1392 566 1455 nulls
579 1395 642 1474 est,
658 1393 781 1456 mulum
796 1392 861 1455 nisi
872 1396 968 1473 turpe
981 1393 1112 1457 nullum

89 1484 153 1562 est,
173 1483 268 1563 turpe
291 1484 399 1543 nutem
421 1480 462 1544 sd
483 1479 628 1544 honestis
647 1485 840 1564 occupatum
857 1480 1028 1564 pervenire
1045 1504 1114 1547 non

89 1573 211 1652 potest,
232 1569 350 1632 iniuria
371 1568 412 1632 nd
434 1570 611 1652 sapientem
633 1591 701 1634 non
722 1570 877 1653 pervenit.
911 1590 990 1633 nem
1012 1570 1045 1634 si
1067 1571 1114 1635 in·
1128 1591 1146 1633 u

90 1659 174 1721 iuris
195 1658 330 1723 alicuius
352 1658 431 1721 mali
447 1659 604 1740 patientie
626 1663 688 1741 est,
711 1659 838 1742 sepiens
861 1662 969 1722 autem
987 1659 1113 1725 nullius

92 1747 169 1811 mali
196 1752 245 1811 est
270 1746 411 1832 patiens,
439 1748 530 1811 nulle
558 1747 599 1811 nd
622 1749 799 1831 sapientem
821 1747 939 1812 iniuria
960 1748 1113 1831 pertinet

55 1854 72 1899 4
91 1837 196 1901 omnis
218 1836 337 1901 iniuria
359 1834 535 1901 deminutio
558 1836 627 1901 eius
650 1840 699 1900 est
716 1837 752 1901 in
769 1859 866 1920 quem
883 1837 1038 1921 incurrit,
1055 1859 1115 1904 nec

89 1931 198 2010 potest
226 1927 397 2010 quisquam
425 1926 577 1991 iniurium
606 1927 751 2009 occipere
780 1927 850 1990 sine
878 1926 988 2010 uliquo
1016 1926 1115 1994 detri·

91 2020 199 2080 mento
222 2017 274 2080 vel
296 2014 462 2101 dignitatis
485 2017 538 2081 vel
559 2016 704 2100 corporis
727 2016 779 2079 vel
801 2037 909 2079 rerum
937 2018 1032 2080 extro
1055 2037 1148 2082 noss

91 2106 277 2186 positarum.
316 2105 443 2187 sepiens
468 2108 576 2169 nutem
598 2104 681 2168 nihil
703 2104 835 2189 perdere
857 2107 979 2188 potest3
1002 2107 1116 2171 omniu

91 2193 127 2255 in
147 2214 182 2256 se
203 2194 357 2276 reposuit,
378 2193 462 2256 nihil
483 2193 632 2257 fortunae
650 2193 760 2276 credit,
777 2194 864 2258 bons
876 2214 936 2257 sus
952 2192 988 2256 in
1006 2195 1115 2260 solido

90 2280 189 2345 hebet
224 2285 394 2346 contentus
425 2282 559 2364 virtute,
594 2303 676 2364 quoe
712 2282 855 2347 fortuitis
886 2304 953 2346 non
986 2282 1116 2372 indiget

91 2370 227 2453 ideoque
258 2391 318 2434 nec
349 2370 461 2455 sugeri
491 2391 551 2434 nec
581 2371 684 2435 minui
715 2375 823 2454 potest
844 2408 890 2418 -
911 2393 988 2435 nem
1018 2377 1057 2438 et
1082 2375 1117 2438 in

91 2479 254 2522 summum
286 2459 440 2542 perducta
471 2459 660 2525 incrementi
689 2482 757 2524 non
787 2461 907 2525 hebent
937 2462 1052 2526 locum
1085 2466 1151 2528 ets

91 2547 174 2611 nihil
203 2548 298 2630 eripit
327 2548 457 2612 fortune
485 2548 548 2612 nisi
578 2548 665 2632 quod
695 2550 797 2627 dedit;
819 2551 972 2614 virtutem
1002 2555 1116 2617 eutem

91 2659 159 2701 non
185 2637 254 2720 det,
279 2635 353 2701 ideo
380 2658 440 2701 nec
466 2636 606 2701 detruhit
627 2675 673 2685 -
694 2639 796 2703 libers
818 2644 881 2723 est,
906 2637 1118 2724 inviolabilis,

91 2726 239 2809 immoto,
267 2726 472 2810 inconcusse,
500 2727 547 2791 sic
576 2730 689 2791 contre
717 2749 810 2792 cesus
839 2727 983 2810 indurat,
1010 2732 1054 2795 ut
1076 2751 1116 2795 ne

56 2816 239 2880 oinclinari
271 2815 415 2898 quidem,
449 2815 568 2880 nedum
599 2816 686 2882 vinci
717 2817 834 2901 possit3
870 2817 1023 2882 adversus
1063 2819 1117 2884 ud·

91 2909 222 2988 paratus
243 2904 436 2968 terribilium
459 2909 563 2969 rectos
587 2907 698 2971 oculos
720 2908 822 2989 tenet,
850 2905 935 2970 nihil
955 2927 998 2970 ex
1018 2909 1151 2974 vultus

91 2996 210 3077 mutet,
232 2994 299 3058 sive
321 2993 370 3058 illi
393 2992 473 3058 dure
495 2994 562 3058 sive
584 2995 723 3060 secunde
746 2998 956 3059 ostentantur.
1002 2995 1115 3083 itoqm

181 3131 217 3187 14
235 3132 272 3186 ed
291 3149 360 3187 corr.
375 3149 409 3187 er
426 3135 458 3186 et
474 3150 497 3188 s.
507 3151 531 3187 o.
541 3134 605 3188 add.
615 3133 674 3201 A¹l
694 3134 729 3189 18
743 3135 900 3190 deminutio
915 3135 1014 3191 Murci
1026 3136 1114 3194 dimi·

91 3204 172 3258 nutio
189 3205 218 3260 A
242 3204 253 3277 ll
276 3203 312 3258 22
336 3203 458 3258 credidit
480 3205 609 3272 Wolfflin
633 3204 644 3278 ll
685 3205 703 3260 ὅ
725 3205 832 3262 habent
854 3207 922 3276 volo.
942 3205 1032 3262 hebet
1053 3210 1085 3265 A
1104 3207 1115 3283 ΙΙ

90 3275 127 3330 28
144 3276 324 3341 inconcussu3
344 3275 570 3343 <sapientem>
590 3277 631 3330 sic
650 3277 747 3345 Germ
769 3279 885 3333 scrihere
903 3280 1005 3334 rnouolt
1022 3280 1058 3334 in
1076 3282 1114 3336 cis

91 3364 161 3415 quoe
177 3354 330 3417 sequemur
342 3347 441 3415 itaque
454 3346 526 3400 nihil
538 3348 639 3415 perdet
653 3350 836 3418 <sopiens>
847 3349 954 3404 Gemoll
958 3369 969 3416 ,·
981 3357 1114 3408 mmm

87 3420 188 3486 probo:
206 3419 268 3475 Sec.
288 3419 472 3489 esplepmtius
488 3421 599 3486 scripsit
615 3426 647 3474 ut
664 3421 734 3474 alibi
751 3423 811 3489 (cfr.
828 3421 891 3476 soe.
907 3420 1016 3477 Monoi
1033 3423 1112 3479 Krit

91 3488 455 3562 Stud.1p.7)lindurete
468 3491 625 3546 Pincianus
641 3490 653 3563 [l
669 3491 705 3545 29
719 3493 873 3561 apparatus
887 3490 930 3547 ΑΒ
941 3491 953 3565 ss
968 3491 1006 3548 81
1025 3493 1113 3567 secde

78 3559 112 3610 A
128 3558 164 3627 (d
176 3578 213 3615 m.
228 3567 250 3616 ὅ
267 3579 300 3617 m
317 3564 387 3630 ras.)
