2400 3840
88 208 155 274 350
247 262 250 266 ,
277 206 308 260 L.
322 204 464 259 ANNAEI
483 204 646 262 SENECAE
665 204 760 260 DIAL.
774 204 841 262 LIB.
855 204 914 261 ΧΠ.

88 353 173 416 inter
200 373 233 417 se
261 351 501 417 cohaerentium
528 351 639 416 series:
668 350 714 434 id,
744 351 889 434 inquam,
921 355 1029 416 actum
1053 357 1120 438 est,

88 445 126 508 ut
154 441 190 505 in
219 441 360 505 alienum
391 440 560 503 arbitrium
589 440 653 504 nisi
682 440 839 504 vilissima
869 462 1015 525 quaeque
1041 463 1119 507 non

52 547 70 593 4
88 529 246 595 caderent.
293 528 450 612 quidquid
473 529 632 613 optimum
654 528 779 593 homini
801 533 862 614 est,
885 529 919 593 id
942 533 1034 594 extra
1051 531 1119 596 hu-

89 641 217 683 manam
252 619 431 703 potentiam
462 618 558 701 iacet,
594 639 654 683 nee
687 618 755 682 dari
786 640 846 683 nec
878 619 960 704 cripi
991 623 1117 702 potest.

89 707 227 773 mundus
259 707 326 789 hio,
359 728 425 790 quo
456 707 540 771 nihil
566 729 670 791 neque
697 707 800 772 maius
827 729 932 791 neque
964 709 1117 776 ornatius
1152 733 1167 775 c

88 819 196 863 rerum
222 801 338 861 natura
360 797 485 882 genuit,
513 801 542 861 et
563 796 690 861 animus
714 798 951 879 contemplator
973 796 1118 864 admira·

89 890 204 969 torque
238 885 364 969 mundi,
398 907 473 969 pars
509 885 576 950 eius
611 885 942 970 magnificentissima,
976 889 1119 970 propria

88 976 182 1041 nobis
206 978 239 1040 et
261 978 416 1059 perpetua
439 978 471 1039 et
493 978 560 1038 tam
585 974 639 1038 diu
661 974 832 1040 nobiscum
854 997 1005 1039 mansura
1025 982 1119 1062 sunt,

54 1080 187 1148 squam
220 1063 275 1129 diu
305 1064 370 1148 ipsi
400 1064 609 1128 manebimus.
655 1062 774 1128 alacres
806 1063 916 1147 itaque
943 1068 975 1129 et
1003 1069 1120 1151 erecti,

66 1153 294 1238 'quocumque
325 1175 376 1218 res
408 1153 532 1236 tulerit,
564 1152 725 1235 intrepido
758 1151 860 1238 gradu
892 1174 1120 1241 properemus,
1137 1179 1168 1220 1o

90 1242 278 1308 emetiamur
301 1262 518 1327 quascumque
541 1244 655 1305 terras:
677 1241 804 1306 nullum
822 1242 960 1307 inveniri
978 1242 1117 1311 exilium

89 1332 175 1396 intra
197 1331 354 1399 mundum
370 1335 488 1412 potest;
516 1329 598 1394 aiiii
620 1331 716 1408 euim,
744 1333 826 1412 qaod
848 1332 935 1397 intro
956 1334 1118 1399 maedam

90 1425 152 1504 est,
184 1420 325 1485 alienum
357 1418 481 1483 homini
513 1421 570 1483 est.
616 1419 840 1502 undecumque
872 1443 912 1485 ex
939 1441 1043 1504 aequo
1073 1423 1119 1487 ad

90 1510 214 1574 caelum
238 1508 372 1593 erigitur
395 1507 493 1591 acies,
515 1507 646 1592 paribus
669 1508 847 1574 intervallis
871 1509 979 1575 omnia
1002 1509 1118 1577 divina

55 1599 130 1663 sab
154 1596 302 1662 omnibus
326 1596 475 1661 humanis
498 1596 628 1662 distant.
672 1598 822 1682 proinde,
844 1597 919 1662 dum
944 1598 1030 1663 oculi
1048 1601 1119 1666 mei
1137 1623 1165 1665 rs

91 1687 130 1752 ab
157 1687 215 1750 illo
244 1687 442 1770 spectaculo,
469 1686 560 1751 cuius
587 1686 785 1752 insatiabiles
809 1691 896 1771 sunt,
924 1709 991 1752 non
1014 1688 1118 1754 abdu-

90 1780 218 1860 cantur,
241 1775 317 1840 dum
341 1775 422 1840 mihi
445 1777 546 1841 solem
568 1776 743 1860 lunamque
765 1776 884 1840 intueri
900 1777 1011 1860 liceat,
1034 1777 1118 1844 dum

91 1866 204 1932 ceteris
227 1864 392 1930 inhaerere
415 1865 587 1949 sideribus,
616 1864 693 1929 dum
718 1868 807 1929 ortus
831 1887 942 1930 eorum
966 1887 1118 1934 occasus-

91 1976 153 2039 que
193 1958 226 2019 et
266 1954 436 2019 intervalla
476 1957 509 2019 et
550 1975 661 2019 causas
702 1953 895 2040 investigare
932 1955 984 2019 vel
1021 1955 1117 2022 ocius

90 2043 218 2108 meandi
248 2044 301 2107 vel
332 2043 469 2125 tardius,
501 2046 644 2127 spectare
674 2046 725 2107 tot
751 2065 809 2127 per
840 2045 969 2109 noctem
1001 2045 1117 2112 stellas
1137 2070 1165 2112 ao

90 2132 238 2198 micantis
276 2135 308 2197 et
339 2133 418 2197 alias
450 2131 647 2216 immobiles,
682 2132 761 2196 alias
794 2153 861 2197 non
892 2133 927 2197 in
957 2154 1118 2219 magnum

92 2223 231 2306 spatium
268 2221 414 2285 exeuntis
452 2220 507 2286 sed
544 2221 630 2285 intra
666 2242 761 2285 suum
799 2243 832 2286 se
864 2220 1117 2308 circumagentis

91 2310 279 2395 vestigium,
306 2310 461 2393 quasdam
488 2310 596 2374 subito
620 2309 830 2394 erumpentis,
859 2311 1013 2394 quasdam
1037 2312 1117 2398 igne

91 2399 164 2463 fuso
192 2399 463 2484 praestringentes
491 2399 606 2483 aciem,
634 2399 727 2483 quasi
750 2398 912 2483 decidant,
937 2401 990 2464 vel
1011 2401 1116 2486 longo

91 2491 198 2553 tractu
225 2509 299 2552 cum
325 2488 397 2552 luce
425 2487 527 2552 multa
549 2489 836 2572 praetervolantes,
864 2488 941 2553 dum
964 2510 1037 2554 cum
1061 2490 1117 2556 his
1137 2513 1165 2556 ss

92 2577 153 2643 sim
177 2580 209 2641 et
227 2576 432 2660 caelestibus,
455 2597 518 2660 qua
536 2576 660 2641 homini
678 2577 726 2642 fas
746 2580 807 2661 est,
829 2577 1011 2662 inmiscear,
1035 2578 1117 2645 dum

92 2666 236 2732 animum
263 2664 304 2729 ad
332 2669 542 2750 cognatarum
565 2688 672 2731 rerum
696 2670 905 2750 conspectum
927 2667 1117 2734 tendentem

92 2757 127 2826 in
150 2754 281 2820 sublimi
303 2776 429 2838 semper
451 2754 601 2820 habeam:
625 2759 782 2840 quantum
805 2754 904 2820 refert
926 2778 1010 2839 mea,
1034 2758 1117 2842 quid

93 2845 235 2911 calcem?

182 3128 200 3181 6
225 3129 254 3181 et
278 3127 342 3182 odd.
365 3126 447 3182 Gertz
473 3126 483 3200 11
509 3127 544 3181 ll
570 3127 754 3200 cmetliamwr
774 3128 816 3182 A⁶
845 3127 848 3199 Ι
879 3127 994 3182 exilium
1017 3130 1118 3185 Haase

93 3199 197 3254 &illum
211 3200 239 3254 A
257 3197 267 3271 Η
285 3198 320 3252 12
338 3200 420 3254 verbo
437 3199 573 3267 quaedam
590 3200 759 3254 intercidisse
772 3200 883 3268 primm
899 3199 971 3254 vidit
984 3200 1117 3271 Mariam,

93 3272 194 3326 omissa
215 3271 315 3339 optime
337 3271 457 3325 restituit
479 3270 584 3324 Vahlen
606 3270 745 3326 addendo:
773 3271 914 3338 <potest;
940 3270 1012 3324 nihil
1038 3271 1116 3326 enim

94 3342 169 3410 quod
187 3342 264 3396 intra
281 3341 452 3410 mundum>
471 3339 481 3414 11
503 3339 537 3395 18
555 3339 664 3413 inererc
677 3343 706 3395 A
728 3340 739 3414 11
759 3341 795 3396 19
813 3341 858 3396 vel
877 3341 954 3396 ocius
973 3341 1002 3398 0.
1017 3342 1054 3397 F.
1071 3343 1115 3398 W.

94 3414 200 3469 Malla
217 3412 340 3467 velocius
354 3413 383 3467 A
404 3412 414 3486 A}
437 3411 473 3466 20
490 3412 535 3466 vel
552 3413 662 3466 tardius
680 3413 749 3482 ooip.
767 3412 905 3486 ualidiufl
916 3414 945 3468 A
963 3415 1042 3482 (eros.
1062 3415 1087 3482 s)
1108 3415 1113 3487 Ι

94 3485 161 3538 dum
184 3491 248 3539 ante
270 3485 397 3552 spectare
420 3484 484 3539 add.
506 3483 586 3539 Gertz
606 3485 788 3554 probabiliter
811 3483 821 3557 11
845 3483 882 3539 24
901 3484 982 3538 tunso
996 3485 1025 3539 A
1042 3501 1114 3543 corr.

87 3556 155 3627 colse.
171 3554 243 3628 ssi&
258 3553 384 3611 habeam
402 3557 472 3629 vaip.
490 3554 598 3611 habeat
613 3557 642 3611 A
