2400 3840
94 185 135 250 16
305 182 336 237 L.
350 181 493 237 ANNAEI
512 181 677 237 SENECAE
695 181 791 238 DIAL.
805 182 873 237 LIB.
888 183 909 239 I.

90 350 157 412 quo
180 327 290 393 minus
312 327 475 411 recipietis
499 329 586 412 quod
610 327 765 393 dedistis?
811 330 985 395 evelente
1013 332 1134 400 feretis

56 417 247 502 cquicquid
270 416 438 501 petieritis.
485 417 563 500 quid
586 439 664 502 ergo
688 417 758 482 est?
794 417 983 483 maluissem
1009 423 1135 490 efferre

90 528 189 590 quam
211 506 345 571 tradere.
378 506 456 590 quid
480 528 561 589 opus
583 506 648 572 fuit
670 505 817 573 auferre?
856 507 1007 590 accipere
1033 516 1135 597 potu-

91 595 176 680 istis3
200 595 256 660 sed
279 617 320 660 ne
343 616 431 660 nunc
449 594 580 678 quidem
599 595 765 679 auferetis,
788 594 864 678 quie
881 595 968 661 nihil
986 599 1136 686 eripitur

89 684 154 749 nisi
182 683 357 749 retinenti?
405 684 490 749 nihil
518 705 631 770 cogor,
662 684 745 749 nihil
771 684 879 768 patior
909 685 1042 754 invitus
1071 710 1169 757 nect

90 773 195 838 servio
223 773 284 839 deo
308 773 364 838 sed
387 772 560 856 assentior,
582 795 621 838 eo
645 774 775 857 quidem
798 773 916 858 magis,
940 776 1038 858 quod
1063 781 1135 847 scio

56 861 200 927 somnia
223 866 311 927 certa
334 862 425 927 etin
447 865 614 926 aeternum
639 862 724 928 dicte
746 864 818 947 lege
842 862 1027 931 decurrere.
1063 869 1135 935 fatu

89 973 149 1016 nos
173 951 296 1017 ducunt
320 955 353 1016 et
376 953 535 1034 quantum
558 951 675 1034 cuique
702 951 857 1034 temporis
883 955 990 1018 restat
1020 957 1134 1042 prima

88 1041 292 1105 nescentium
325 1039 407 1105 hers
439 1038 607 1121 disposuit.
654 1061 750 1104 causa
784 1039 904 1124 pendet
936 1063 980 1106 ex
1020 1067 1134 1133 cause,

89 1129 218 1214 private
240 1150 278 1194 ec
301 1127 434 1212 publica
456 1128 574 1212 longus
598 1128 677 1193 crdo
700 1151 807 1193 rerum
826 1127 940 1194 trahit:
964 1131 1048 1200 ideo
1067 1137 1135 1203 fer-
1150 1155 1169 1196 n

88 1219 166 1283 titer
196 1239 292 1282 omne
315 1215 505 1299 patiendum
529 1219 591 1299 est,
621 1217 799 1300 quianon,
820 1221 858 1281 ut
880 1221 1062 1309 putemus,
1087 1227 1135 1291 in·

90 1306 203 1371 cidunt
227 1308 345 1369 cuncte
368 1304 424 1370 sed
446 1304 590 1368 veniunt.
628 1306 707 1369 clim
730 1306 943 1372 constitutum
968 1315 1026 1377 est
1052 1315 1135 1398 quid

91 1393 247 1479 gaudeas,
270 1393 349 1475 quid
371 1393 464 1475 flens,
487 1395 520 1457 et
543 1394 690 1475 quemvis
713 1416 831 1481 magna
852 1395 1007 1464 videatur
1026 1405 1136 1470 vario·

89 1485 157 1547 tate
181 1482 384 1567 singulorum
407 1481 476 1546 vita
499 1480 669 1567 distingui,
692 1502 818 1547 summe
840 1482 875 1547 in
896 1507 1006 1552 unum
1022 1493 1136 1558 venit:

54 1571 266 1654 suscipimus
294 1570 438 1655 periture
468 1570 610 1653 perituri.
658 1570 736 1654 quid
758 1571 866 1655 itaque
888 1573 1136 1662 indignamur?
1151 1599 1169 1641 n

90 1659 169 1744 quid
199 1658 385 1743 querimur?
431 1657 471 1722 ed
494 1657 558 1722 hoc
579 1659 666 1742 perti
688 1680 808 1724 sumus.
853 1664 967 1727 utetur
990 1671 1035 1733 ut
1060 1673 1136 1737 vult

89 1749 156 1813 suis
186 1752 303 1813 nature
334 1746 538 1831 cerporibus3
567 1768 627 1811 nos
657 1748 735 1812 lacti
757 1748 797 1812 ad
825 1750 934 1816 omnia
963 1758 1000 1819 et
1025 1757 1135 1827 fortes

89 1836 269 1923 cogitemus
296 1836 381 1901 nihil
403 1835 509 1920 perire
533 1835 572 1900 de
593 1840 715 1900 nostre.
762 1837 839 1921 quid
862 1842 911 1903 est
934 1840 1020 1908 boni
1047 1849 1136 1914 viri?

86 1927 241 2012 praebere
271 1947 305 1992 ee
334 1926 413 1991 fato.
459 1925 581 2011 grande
611 1924 767 1990 solacium
797 1930 845 1990 est
868 1948 943 1992 cum
967 1934 1135 2004 universo

86 2015 424 2169 ttttittttttt
439 2012 1171 2186 tuiiotthtiliherititbffiiitffffi’'⁰

87 2192 209 2274 pariter
226 2214 264 2257 ec
282 2191 393 2256 divine
407 2211 521 2255 cursus
535 2189 639 2254 vehit:
656 2190 712 2253 ille
725 2191 794 2274 ipsc
809 2193 955 2260 omnium
971 2139 1137 2272 eonfitdi

88 2282 121 2344 et
138 2282 245 2344 rector
264 2280 394 2363 scripsit
409 2278 542 2361 quidem
556 2276 632 2359 fate,
642 2277 699 2341 sed
712 2280 866 2364 sequitur,
876 2303 1009 2369 semper
1023 2299 1136 2379 paret,

53 2369 188 2434 esemel
210 2368 313 2432 iussit.
347 2367 458 2449 ‘quare
477 2369 587 2429 tamen
610 2366 687 2429 deus
710 2369 777 2431 tem
799 2369 930 2453 iniquus
953 2375 993 2441 in
1018 2379 1135 2449 distri.

87 2457 221 2520 hutiene
244 2455 305 2520 fati
328 2454 405 2538 fuit,
428 2458 466 2518 ut
485 2453 580 2517 bonis
594 2453 672 2519 viris
690 2461 912 2539 paupertatem
932 2466 966 2525 et
986 2469 1135 2538 mlum
1151 2489 1172 2532 ss

88 2549 121 2609 et
139 2541 254 2609 acerba
276 2544 391 2608 funere
410 2541 617 2607 ascriberet?
649 2564 716 2607 non
734 2549 841 2627 potest
855 2548 975 2615 artifex
994 2563 1134 2626 mutare

87 2633 269 2697 materiem:
291 2631 356 2698 hcc
377 2651 474 2715 passa
497 2633 555 2695 eet.
601 2631 756 2713 quaedam
780 2637 920 2718 separari
943 2662 963 2703 a
988 2646 1133 2727 quibus.

88 2723 162 2786 dem
184 2743 252 2786 non
274 2723 427 2805 pessunt,
451 2719 638 2802 cohaerent,
660 2720 824 2787 individua
843 2731 927 2790 sunt.
962 2729 1133 2820 languida

87 2810 218 2895 ingenia
241 2813 273 2874 et
295 2810 331 2873 in
355 2830 505 2873 somnum
529 2808 615 2871 itura
637 2810 694 2871 aut
716 2809 750 2872 in
772 2811 916 2896 vigilium
936 2838 1063 2889 somno
1090 2828 1133 2893 si·

88 2899 259 2963 millimam
288 2898 447 2962 inertibus
477 2899 653 2961 nectuntur
683 2898 861 2985 elementis3
891 2907 929 2968 ut
955 2908 1133 2981 efficiatur
1150 2935 1171 2976 ω

177 3037 296 3092 everha
314 3036 388 3090 nihil
407 3052 494 3105 cogor
508 3077 603 3090 .....
622 3036 653 3088 in
673 3038 817 3091 aeternam
835 3039 913 3096 dicte
931 3043 1001 3116 lege
1022 3050 1131 3110 decur-

87 3125 148 3165 rere
174 3108 291 3164 Senecae
317 3124 385 3174 esse,
410 3124 468 3162 nen
493 3107 631 3161 Demetrii
650 3108 780 3174 probavit
804 3110 885 3166 (lecte
911 3113 924 3216 lp
951 3117 967 3170 t
993 3120 1063 3178 fatu
1086 3127 1132 3182 A⁸

86 3181 165 3235 fecta
180 3179 222 3234 A1
248 3179 251 3250 l
283 3178 409 3233 Srestet
428 3191 446 3232 s
463 3179 573 3246 prestet
587 3178 630 3232 A¹
648 3194 716 3233 cerr.
731 3180 763 3233 tn
781 3184 867 3236 restet
882 3185 910 3238 A
947 3186 957 3259 ll
983 3190 1081 3251 itera
1101 3200 1129 3253 Α

87 3270 155 3308 cerr.
170 3252 241 3321 cele.
261 3248 265 3321 l
278 3249 315 3304 14
329 3249 481 3318 distinguit
490 3250 518 3303 A
531 3246 542 3320 ll
555 3247 591 3302 16
604 3249 681 3316 perti
694 3251 793 3318 scripsi
805 3255 901 3320 parati
910 3257 939 3311 A
957 3270 1130 3333 comparati

88 3323 281 3377 Hammelratlt
303 3319 313 3392 ll
338 3320 374 3373 22
392 3319 443 3373 ille
458 3320 486 3375 A
505 3337 574 3374 corr.
589 3321 658 3402 culp.
680 3318 698 3442 ὲ
716 3319 752 3374 25
770 3321 824 3376 fati
841 3323 897 3380 fuit
919 3330 954 3382 ut
978 3329 1070 3392 bonis
1085 3340 1130 3395 A¹

87 3395 120 3446 in
141 3411 196 3448 res.
215 3399 328 3462 practer
346 3392 453 3446 litteras
474 3391 517 3444 fet
535 3397 562 3446 et
579 3406 623 3443 ms
647 3390 656 3461 ll
700 3391 715 3445 l
738 3391 792 3446 hoc
810 3411 894 3462 pessa
913 3401 958 3454 est
972 3405 1004 3460 A
1025 3423 1129 3465 crassa

88 3465 132 3516 est
155 3465 216 3532 (del.
231 3465 296 3531 hoe)
317 3462 466 3517 Gtoeckner
496 3463 646 3530 compacte
669 3461 712 3514 est
731 3462 853 3521 Karsten
881 3484 956 3536 quee
980 3473 1046 3533 iam
1070 3481 1128 3537 hoe
1166 3476 1168 3482 ’

78 3549 169 3599 pesse
188 3536 232 3589 est
248 3535 332 3591 Gertz
349 3535 382 3590 in
399 3535 464 3591 edit.
481 3537 551 3589 1889
569 3531 584 3605 ll
596 3531 635 3586 ee
652 3533 805 3586 nectuntur
821 3538 849 3590 A
859 3540 956 3604 hinist
967 3563 1030 3603 rue,
1043 3568 1083 3607 m.
1099 3556 1127 3622 1)
