2400 3840
186 223 236 278 AD
254 222 445 278 POLYBIVM
463 223 512 277 DE
532 221 809 278 CONSOLATIONE
829 222 905 281 cAP.
922 228 963 279 10.
980 229 1012 279 11
1054 226 1119 292 325

103 368 205 454 darit3
234 391 308 435 cum
335 369 441 435 visum
465 373 513 435 est
536 369 664 453 deinde,
691 372 809 454 repetit
829 392 889 436 nec
912 373 1002 435 tuam
1025 369 1060 434 in
1082 392 1120 436 eo

104 458 283 524 satietatem
310 462 420 523 secuta
447 462 497 523 ert
524 458 580 524 sed
608 480 699 524 suam
720 460 834 545 legem.
881 459 1003 544 siquis
1027 478 1155 543 pecu-o

103 548 191 612 uiam
214 547 368 612 creditam
392 547 527 613 solvisse
550 568 583 612 se
607 549 742 613 moleste
764 549 860 632 ferat,
888 571 958 613 eam
980 570 1121 634 praeser-

102 637 176 721 tim,
204 637 296 702 cuius
323 659 418 703 usum
446 637 624 722 gratuitum
652 637 822 722 acceperit,
848 658 955 702 nonne
982 638 1121 704 iniustus

72 744 84 786 s
103 727 153 791 vir
175 725 353 791 habeatur?
398 725 486 790 dedit
507 730 624 790 natura
645 725 738 790 fratri
760 730 817 790 tuo
841 727 956 809 vitam,
979 727 1067 791 dedit
1090 731 1122 792 et

102 815 175 879 tibi:
199 836 280 898 quae
303 836 362 880 suo
385 814 455 879 iure
477 837 536 881 usa
559 815 587 880 si
609 838 628 879 a
651 836 715 898 quo
738 814 843 881 voluit
864 814 1007 880 debitum
1026 837 1121 881 suum

103 903 198 968 citius
229 904 348 989 exegit,
377 925 445 968 non
473 903 530 968 illa
553 905 588 968 in
617 905 712 988 culpa
742 908 804 988 ert,
834 904 924 969 cuius
952 908 1122 970 notuerat

103 991 265 1076 condicio,
289 993 345 1058 sed
367 993 513 1058 mortalis
537 993 638 1058 animi
656 1014 728 1077 spes
747 993 854 1078 avida,
878 1015 960 1077 quae
978 993 1122 1077 subinde,

104 1081 182 1164 quid
204 1104 312 1146 rerum
334 1085 451 1147 natura
474 1082 530 1165 sit,
553 1082 757 1148 obliviscitur
774 1103 833 1147 nec
851 1104 1006 1166 umquam
1025 1082 1121 1147 sortis

58 1190 84 1230 ro
103 1192 179 1235 suae
202 1171 364 1256 meminit,
385 1171 449 1237 nisi
472 1193 546 1237 oum
570 1172 767 1237 admonetur.
814 1171 917 1258 gaude
940 1171 1048 1256 itaque
1066 1170 1156 1240 lia-o

102 1259 209 1325 buisse
228 1264 260 1325 te
278 1265 346 1326 tem
364 1261 487 1326 bonum
505 1260 638 1325 fratrem
656 1265 689 1326 et
706 1282 801 1326 usum
820 1261 1025 1346 fructumque
1043 1260 1121 1346 eius,

102 1349 249 1433 quamvis
271 1350 400 1415 brevior
421 1353 499 1414 voto
522 1353 580 1414 tuo
599 1350 711 1434 fuerit,
731 1349 810 1415 boui
828 1351 967 1415 consule.
1014 1349 1122 1436 cogita

102 1438 369 1504 iucundissimum
401 1460 484 1522 esse,
514 1439 602 1522 quod
628 1438 783 1524 habuisti,
812 1438 1005 1524 humanum,
1035 1437 1121 1523 quod

101 1527 283 1611 perdidisti:
306 1549 366 1593 nec
389 1528 476 1591 enim
500 1527 673 1612 quicquam
696 1529 802 1593 minus
826 1529 910 1593 inter
933 1550 966 1594 se
990 1549 1122 1594 consen-
1149 1536 1151 1540 “

57 1636 83 1676 rs
101 1619 233 1680 terreum
270 1619 319 1680 cst
355 1637 452 1698 quam
485 1617 625 1700 aliquem
657 1617 793 1701 moveri,
834 1618 921 1701 quod
954 1618 1015 1683 sibi
1047 1617 1120 1683 talis

101 1704 200 1768 irater
222 1726 336 1788 parum
361 1704 417 1768 diu
440 1706 625 1791 contigerit,
647 1727 715 1770 non
732 1705 885 1792 gaudere,
909 1707 995 1790 quod
1013 1710 1122 1771 tamen

102 1793 190 1857 conti
213 1794 281 1857 erit.

190 1814 247 1946 {l
285 1879 346 1946 ‘At
378 1882 561 1967 inopinanti
592 1886 720 1966 ereptus
753 1882 822 1948 est'
868 1904 925 1947 sua
962 1903 1155 1967 quemquer

104 1970 275 2037 credulitas
309 1971 429 2054 decipit
461 1975 493 2035 et
524 1971 559 2036 in
586 1972 647 2057 eis,
679 1983 759 2056 quae
788 1972 908 2058 diligit,
940 1971 1122 2037 voluntaria

57 2080 84 2120 so
102 2060 309 2125 mortalitatis
340 2060 475 2125 oblivio:
504 2065 621 2126 natura
647 2061 730 2139 nulli
758 2082 792 2126 se
818 2061 1018 2126 necessitatis
1046 2082 1121 2126 suae

103 2149 240 2235 gretiam
281 2150 440 2215 facturam
481 2172 550 2216 esse
585 2153 703 2216 testata
740 2154 797 2215 est.
842 2149 960 2215 cotidie
996 2153 1122 2233 praeter

103 2239 214 2304 oculos
232 2241 361 2305 nostros
380 2242 549 2305 transeunt
565 2243 718 2304 notorum
736 2239 986 2325 ignotorumque
1000 2238 1121 2324 funera,

101 2350 161 2392 nos
189 2332 299 2393 tamen
326 2328 414 2393 aliud
441 2328 567 2414 agimus
591 2332 623 2394 et
646 2329 790 2394 subitum
812 2328 846 2392 id
868 2331 1019 2412 putamus
1043 2349 1120 2412 esse,

103 2417 190 2499 quod
219 2418 313 2483 nobis
343 2421 413 2483 tota
442 2419 510 2482 vita
539 2418 747 2482 denuntiatur
775 2418 928 2482 futurum.
973 2438 1040 2482 non
1071 2421 1121 2483 est

57 2525 83 2565 ss
102 2505 210 2588 itaque
234 2508 296 2571 ista
314 2506 456 2571 fatorum
474 2507 641 2591 iniquitas,
665 2507 720 2573 sed
738 2507 854 2572 mentis
873 2506 1032 2571 humanae
1050 2526 1121 2591 pra·

102 2594 184 2658 vites
207 2594 399 2660 insatiabilis
422 2618 530 2661 rerum
554 2597 713 2680 omnium,
738 2618 819 2680 quae
842 2596 1030 2682 indignatur
1046 2595 1121 2661 inde

102 2682 261 2768 excidere,
289 2705 353 2767 quo
382 2684 521 2750 admissa
544 2689 593 2750 est
615 2685 768 2771 precario.
816 2684 897 2770 [30]
923 2688 1042 2770 quanto
1065 2685 1155 2752 illes

191 2822 207 2875 1
232 2822 335 2878 deinde
360 2825 464 2893 repetit
484 2827 512 2880 Β
538 2825 635 2880 deiure
657 2823 761 2894 repetit
779 2825 803 2882 O
825 2825 835 2899 Η
861 2825 879 2879 5
901 2825 1042 2880 habeatur
1060 2827 1088 2880 Β
1095 2824 1121 2880 G

95 2893 208 2955 ,hebeat
222 2895 257 2949 Η
270 2893 392 2950 habetur
404 2897 467 2951 DE
482 2895 493 2969 Η
510 2896 529 2950 6
547 2912 619 2966 quse
638 2914 688 2950 suo
707 2897 767 2951 iure
783 2913 834 2950 usa
851 2898 876 2950 si
889 2899 1048 2967 Petscteoio
1066 2911 1121 2965 que

103 2982 153 3020 suo
171 2965 230 3020 uite
250 2967 328 3035 (corr.
343 2969 375 3021 ire
393 2967 464 3037 iure)
482 2983 535 3021 use
551 2969 617 3022 suut
635 2969 712 3036 (sunt
725 2970 839 3038 pondis
852 2969 985 3038 notatam)
1000 2969 1027 3021 Β
1047 2982 1120 3034 quae

102 3053 152 3091 suo
171 3036 232 3091 iure
250 3037 313 3091 uisa
333 3041 398 3091 sunt
413 3039 476 3094 HG
495 3039 552 3109 (sed
569 3041 601 3093 to
620 3038 647 3093 G
664 3056 732 3096 corr.
751 3055 804 3093 uss
822 3041 875 3109 est)
899 3055 972 3107 quae
991 3055 1040 3092 suo
1059 3039 1120 3092 iure

101 3124 154 3161 usa
173 3111 236 3179 (usu
250 3109 293 3178 E)
312 3108 367 3163 fuit
380 3110 444 3164 DE
459 3126 509 3164 suo
529 3126 595 3179 ergo
614 3110 675 3164 iure
692 3127 744 3165 usa
763 3113 806 3165 cst
821 3112 848 3166 V
862 3125 935 3179 quae
954 3127 974 3164 s.
990 3110 1050 3164 iure
1068 3125 1120 3164 usa

103 3182 157 3247 est,
186 3181 347 3251 Wescobcrq
372 3197 434 3236 oum
460 3198 516 3236 ooo
546 3181 659 3237 θνατοί
687 3198 737 3237 suo
765 3183 826 3236 iure
852 3197 905 3235 usa
928 3222 935 3237 .
958 3224 964 3235 .
987 3225 992 3237 .
1017 3180 1119 3251 exegit.

101 3251 241 3306 Rossbach
259 3253 321 3321 (om.
341 3255 423 3321 quae)
443 3268 516 3322 quae
535 3270 555 3309 s.
571 3253 589 3306 i.
604 3268 656 3307 uss
670 3270 744 3308 nunc
759 3296 765 3308 .
782 3296 788 3308 .
804 3295 810 3308 .
826 3253 941 3322 exegit.
962 3252 1098 3308 Schultess
1110 3251 1121 3326 Η

103 3321 117 3375 7
137 3322 243 3392 exegit,
263 3339 320 3377 non
338 3323 421 3379 Gertz
440 3324 541 3394 exegit.
568 3324 634 3378 Non
652 3326 718 3395 oolq.
737 3323 748 3396 Η
765 3324 799 3378 11
814 3322 992 3393 fructumque
1007 3324 1031 3380 0
1046 3322 1120 3378 fruc·

100 3393 162 3446 tum
171 3394 234 3447 EV
243 3393 253 3466 Η
266 3393 301 3448 18
311 3411 450 3464 quemque
460 3396 525 3451 ΗΒ
538 3400 602 3450 m.2
615 3412 725 3465 queque
734 3396 801 3450 DE
814 3396 983 3464 quandoque
993 3397 1021 3450 Β
1034 3413 1069 3451 m.
1080 3400 1097 3450 1
1110 3393 1120 3468 Η

101 3461 137 3516 26
158 3464 225 3518 inde
248 3465 389 3534 excidere,
416 3483 471 3535 quo
499 3466 579 3522 Gertz
606 3466 673 3521 iude
697 3467 818 3522 eximere
840 3483 895 3536 quo
913 3466 1041 3522 DEGV
1053 3465 1120 3520 inde

101 3533 221 3591 eximere
245 3537 321 3604 quod
339 3539 367 3592 Β
392 3537 459 3593 inde
482 3554 512 3592 se
535 3538 620 3593 eximi
641 3555 696 3607 quo
718 3539 750 3594 Η
770 3538 844 3591 inde
861 3538 944 3590 exure
959 3551 1021 3598 sam
1035 3535 1147 3582 mum

101 3605 168 3659 inde
187 3607 270 3661 eximi
290 3625 345 3677 quo
359 3609 520 3667 Eetdmooo
537 3609 609 3667 inde
628 3609 723 3665 emm
735 3609 774 3663 'ux
791 3606 878 3676 quod
886 3602 1001 3659 Muzuc
