2400 3840
88 202 155 268 342
280 199 311 254 L.
326 197 468 253 ANNAEI
486 192 650 254 SENECAE
668 194 764 252 DIAL.
778 196 845 251 EIB·
859 195 917 252 ΧΠ.

89 345 188 410 habet
218 344 351 408 adsidua
380 343 552 408 infelicitas
581 344 718 426 bonum,
750 343 838 427 quod
869 365 951 427 quos
984 364 1121 428 semper

52 438 198 518 4111111,
219 433 394 498 novissime
415 432 553 497 indurat.
598 433 722 497 nullam
745 433 806 497 tibi
823 432 954 496 fortuna
970 434 1120 498 vacatio-

88 545 163 588 nem
192 522 279 588 dedit
307 545 326 586 a
349 521 547 608 gravissimis
568 521 724 606 luctibus3
751 543 792 586 ne
815 522 956 586 natatem
980 521 1120 605 quidem

87 616 183 677 tuum
220 612 359 696 excepit:
400 611 537 676 amisisti
574 613 709 675 matrem
742 611 852 675 statim
883 614 973 694 nata,
1010 611 1119 676 immo

89 701 166 765 dum
194 701 349 784 nasceris,
376 703 408 764 11
435 699 475 764 ad
502 700 602 764 vitam
632 698 869 783 quodammodo
898 699 1048 784 exposita
1074 723 1120 766 es.
1153 720 1164 761 1

89 790 220 855 crevisti
248 790 307 854 sub
330 810 481 855 noverca:
509 811 607 873 quam
629 791 667 852 tu
690 787 819 872 quidem
843 789 932 852 omni
955 788 1120 873 obsequio

90 883 123 944 11
145 879 279 963 putato,
303 882 423 963 quanta
445 878 498 943 vel
521 879 555 941 111
577 877 646 942 filia
669 878 814 961 conspici
831 880 952 961 potest,
975 881 1120 943 matrem

90 968 161 1033 fieri
190 969 339 1054 coegisti3
365 967 449 1032 111111
476 970 585 1031 tamen
610 988 678 1031 non
700 987 818 1052 magno
843 967 990 1031 constitit
1013 968 1120 1032 etiam

89 1058 176 1122 bona
197 1078 344 1122 noverca.
386 1056 580 1121 avonculum
599 1055 929 1140 indulgentissimum,
952 1056 1120 1140 optimum

91 1167 129 1211 ac
151 1146 365 1211 fortissimum
388 1145 507 1228 virum,
531 1166 604 1209 eum
628 1144 802 1209 adventum
826 1144 895 1209 eius
919 1148 1120 1230 expectares,
1141 1165 1164 1205 11

92 1235 241 1318 amisisti,
269 1238 302 1299 et
323 1257 364 1299 ne
388 1234 554 1298 saevitiam
578 1255 668 1298 suam
691 1233 822 1297 fortuna
843 1233 998 1298 leviorem
1022 1234 1120 1300 didu-

92 1324 192 1389 cendo
220 1324 352 1407 faceret,
380 1323 465 1386 intra
491 1321 712 1387 tricensimum
736 1322 820 1386 diem
843 1323 1047 1388 carissimum
1071 1324 1120 1388 vi·

92 1435 177 1496 rum,
210 1435 249 1476 ex
280 1433 343 1495 quo
374 1414 476 1475 mater
504 1411 604 1474 trium
633 1411 809 1475 liberorum
839 1434 922 1495 eras,
954 1412 1120 1479 extulisti:

57 1501 217 1586 elugenti
244 1500 306 1565 tibi
332 1500 439 1565 luctus
466 1501 634 1566 nuntiatus
663 1503 711 1565 ost
734 1500 883 1565 omnibus
907 1500 1037 1585 quidem
1063 1503 1120 1568 ab·

92 1590 235 1654 sentibus
257 1589 381 1673 liberis,
413 1589 505 1672 quasi
533 1588 571 1653 de
594 1588 753 1655 industria
775 1589 810 1653 in
832 1589 866 1653 id
888 1593 1015 1674 tempus
1040 1612 1120 1657 con·
1140 1610 1164 1650 11

91 1678 183 1744 iactis
207 1679 300 1744 malis
323 1678 403 1763 tuis,
426 1682 463 1743 ut
484 1679 568 1742 nihil
591 1682 674 1744 esset
692 1677 871 1763 [haberes],
893 1678 949 1744 ubi
968 1701 1001 1744 se
1021 1678 1121 1746 dolor

91 1771 167 1833 tuus
190 1767 368 1834 reclinaret.
413 1771 541 1834 transeo
565 1771 614 1832 tot
637 1768 794 1853 pericula,
817 1770 868 1832 tot
890 1771 1010 1852 metus,
1033 1789 1120 1853 quos

94 1859 162 1923 sine
185 1858 356 1923 intervallo
379 1857 415 1921 111
435 1861 468 1922 te
490 1857 683 1922 incursantis
702 1856 878 1941 pertulisti:
901 1857 997 1921 modo
1017 1859 1120 1925 modo

93 1948 128 2012 in
151 1947 287 2012 eundem
310 1947 430 2030 sinum,
458 1968 498 2011 ex
522 1966 586 2029 quo
609 1948 674 2010 tres
696 1949 830 2031 nepotes
854 1947 1019 2030 emiseras,
1043 1969 1122 2014 ossa

92 2037 192 2101 trium
214 2040 370 2120 nepotum
391 2036 555 2120 recepisti3
578 2035 662 2099 intra
685 2035 873 2100 vicesimum
897 2034 993 2119 diem,
1019 2057 1121 2119 quam
1140 2056 1164 2097 11

93 2126 198 2190 fliium
225 2148 332 2190 meum
360 2125 395 2189 in
421 2125 570 2189 manibus
598 2127 630 2187 et
657 2124 692 2188 in
720 2124 838 2189 osculis
861 2123 927 2190 tuis
951 2129 1122 2191 mortuum

93 2215 311 2298 funeraveras,
340 2216 470 2297 raptum
500 2235 551 2277 me
581 2212 714 2277 audisti:
743 2212 806 2278 hoc
836 2213 940 2278 adhuc
971 2213 1122 2281 defuerat

93 2302 167 2386 tibi,
189 2303 300 2388 lugere
322 2303 422 2367 rivos.

59 2403 73 2450 1
182 2389 239 2456 HI.
276 2390 507 2457 Gravissimum
535 2393 583 2454 est
606 2412 646 2455 ex
669 2390 830 2475 omnibus,
858 2412 940 2474 quae
962 2413 1122 2476 umquam

93 2481 129 2545 in
158 2502 275 2564 corpus
304 2484 397 2545 tuum
425 2479 668 2564 descenderunt,
698 2501 808 2546 recens
838 2481 970 2565 vulnus,
999 2480 1123 2568 fateor,
1140 2500 1164 2541 11

93 2591 161 2634 non
189 2590 347 2635 summam
376 2572 482 2652 cutem
504 2569 608 2652 rupit,
634 2572 747 2652 pectus
775 2572 808 2634 et
830 2570 954 2635 viscera
975 2568 1048 2654 ipsa
1073 2570 1122 2636 di-

93 2659 179 2725 visit.
226 2658 281 2723 sed
310 2657 579 2741 quemadmodum
601 2657 723 2724 tirones
746 2658 862 2723 leviter
885 2659 985 2724 saucii
1008 2662 1123 2726 tamen

94 2747 312 2814 vociferantur
336 2750 368 2811 et
391 2768 504 2812 manus
528 2746 726 2812 medicorum
748 2749 852 2834 magis
876 2769 971 2832 quam
995 2747 1122 2814 ferrum

94 2839 239 2921 horrent,
272 2840 305 2901 at
337 2837 492 2920 veterani,
525 2836 671 2919 quamvis
704 2837 859 2921 confossi,
891 2837 1052 2922 patienter
1081 2861 1123 2905 ac

95 2928 163 2993 sine
191 2927 314 3013 gemitu
341 2926 430 2990 velut
456 2926 561 2990 aliena
589 2947 725 3010 corpora
752 2927 910 2991 exsaniari
940 2925 1121 3013 patiuntur,
1141 2947 1164 2988 11

183 3084 202 3138 8
221 3083 301 3139 dedit
315 3099 332 3136 a
346 3099 422 3154 grav.
437 3081 469 3150 1.;
486 3098 522 3137 ne
534 3082 603 3152 culp.
619 3088 683 3137 acte
697 3082 856 3142 Fickertum
875 3081 962 3137 dedit.
992 3084 1021 3137 et
1039 3099 1121 3153 grav.

95 3155 113 3210 l.
127 3156 205 3210 neA
223 3157 231 3221 11
251 3155 368 3210 4immo
384 3155 451 3208 dum
464 3155 533 3223 oolp.
550 3153 697 3207 inmodum
711 3153 753 3208 A¹
766 3171 835 3210 corr.
850 3155 882 3208 11
899 3155 956 3208 imo
972 3153 1038 3207 dum
1053 3155 1100 3210 A'
1112 3156 1124 3230 ΙΙ

95 3226 112 3280 ὅ
130 3227 254 3281 nasceris
273 3227 316 3282 A²
334 3226 406 3296 qaod
427 3226 545 3280 11111111
565 3225 676 3294 circata
698 3226 828 3295 imposita
848 3227 908 3280 alic
925 3243 999 3281 1111.
1018 3226 1051 3280 ic
1068 3243 1124 3282 na-

95 3299 211 3353 scereris
247 3298 250 3370 1
283 3299 297 3352 7
331 3296 456 3366 conspici
481 3297 509 3351 A
541 3296 613 3364 qaod
642 3302 712 3351 recte
741 3297 864 3364 1111111111
893 3296 974 3352 Gertz
1006 3297 1124 3368 concipi

95 3371 214 3440 Bentley
235 3367 238 3441 1
271 3368 289 3423 9
313 3368 484 3422 auunculum
502 3367 531 3421 A
557 3369 586 3436 (u
603 3369 726 3436 primum
745 3384 779 3422 aa
797 3385 813 3422 o
831 3384 900 3424 corr.
919 3369 952 3422 irs
968 3384 1023 3423 raa.
1039 3368 1093 3439 A⁶)
1113 3371 1125 3455 fl

95 3441 131 3494 1e
149 3443 235 3507 esset,
254 3439 304 3494 ubi
321 3441 390 3509 vulp.
410 3440 484 3494 esset
500 3436 627 3511 haberes]
642 3437 693 3492 ubi
706 3439 734 3493 A
753 3440 831 3508 (eras
851 3444 874 3508 1)
891 3439 903 3524 i!
922 3438 958 3494 80
977 3440 1125 3497 exsaniari

92 3512 208 3594 duretur
223 3517 251 3639 Ξί
268 3512 385 3581 Lipsius
403 3509 543 3584 exsalnari
559 3511 587 3565 A
606 3510 730 3564 exsecari
747 3527 781 3565 ec
804 3511 947 3566 ‘Pisoraca'
963 3516 1049 3566 vetere
1068 3513 1123 3569 lec·

80 3584 174 3638 Aone'
190 3601 223 3640 ao
231 3601 260 3656 q.
