2400 3840
121 195 144 258 4
327 192 356 245 L.
376 190 519 245 ANNAEI
537 189 701 244 SENECAE
719 189 815 245 DIAL.
829 189 896 244 LIB.
911 190 932 246 1.

123 340 310 421 querantur,
333 336 487 421 quicquid
509 336 626 401 accidit
648 336 726 400 boni
749 336 932 419 consulant,
959 335 995 399 in
1016 335 1145 401 bonum

120 429 256 491 vertant.
301 447 369 491 non
396 424 473 508 quid
500 425 556 490 sed
584 424 855 510 quemadmodum
883 424 967 490 feras
996 425 1145 492 interest

85 532 188 579 cnon
216 514 305 580 vides
338 518 459 598 quanto
493 515 587 580 aliter
616 518 739 599 patres,
768 515 863 579 aliter
889 517 1007 578 matres
1035 514 1146 580 indul-

121 603 241 690 geant?
271 604 321 668 illi
348 603 479 668 excitari
505 604 619 669 iubent
644 604 764 669 liberos
792 602 832 667 ad
858 603 965 668 studia
992 603 1147 669 obeunda

121 697 260 777 mature,
294 692 416 757 feriatis
454 714 583 777 quoque
619 693 732 758 diebus
768 713 836 758 non
870 692 1039 777 patiuntur
1072 714 1147 760 esse
1178 716 1190 756 s

121 782 243 847 otiosos
273 786 306 847 et
337 782 487 848 sudorem
516 782 581 846 illis
614 785 646 847 et
677 780 839 846 interdum
868 780 1016 848 lacrimas
1047 803 1147 848 excu-

120 871 221 956 tiunt3
252 875 285 936 at
316 875 434 937 matres
465 870 575 936 fovere
606 871 643 935 in
664 871 751 954 sinu,
783 871 946 937 continere
968 871 1147 937 inumbra

119 962 248 1045 volunt,
278 982 457 1043 numquam
489 959 686 1044 contristari,
717 981 895 1044 numquam
927 960 1018 1042 flere,
1048 982 1148 1026 num·

86 1067 224 1158 squam(
246 1050 401 1115 laborare.
447 1049 588 1133 patrium
619 1049 697 1114 deus
722 1049 821 1114 habet
848 1048 1004 1121 adversus
1037 1049 1146 1116 bonos

119 1140 373 1204 virosi'animum
397 1141 431 1203 et
448 1139 522 1203 illos
539 1137 668 1203 fortiter
686 1142 772 1203 amat
791 1144 823 1203 et
842 1137 1016 1222 ‘operibus'
1034 1138 1148 1223 inquit
1164 1161 1187 1202 rc

120 1226 312 1312 doloribus,
348 1227 473 1315 damnis
510 1227 715 1313 exagitentur
763 1233 800 1292 ut
836 1249 948 1293 verum
985 1227 1147 1314 colligant

119 1316 239 1382 robur?
283 1318 441 1401 languent
458 1338 517 1400 per
533 1317 682 1381 inertiam
701 1277 854 1411 saginata)
865 1338 926 1382 nec
942 1317 1053 1390 labore
1072 1322 1147 1383 tan-

120 1411 191 1469 tum
219 1405 276 1491 sed
303 1410 395 1470 motu
418 1409 451 1470 et
472 1406 544 1490 ipso
572 1405 623 1470 sui
651 1427 746 1470 onere
777 1405 938 1470 deficiunt.
984 1427 1052 1470 non
1079 1407 1147 1472 fert

120 1495 225 1559 ullum
247 1494 349 1559 ictum
371 1494 493 1559 inlaesa
514 1493 667 1578 felicitas3
696 1498 730 1559 at
753 1495 806 1559 eui
830 1495 958 1559 assidua
979 1495 1043 1560 fuit
1068 1517 1147 1562 cum

120 1583 333 1649 incommodis
364 1583 430 1648 suis
453 1578 541 1667 rina,
571 1585 690 1648 callum
716 1605 775 1666 per
800 1584 933 1649 iniurias
961 1584 1055 1648 duxit
1083 1607 1148 1652 nec
1164 1605 1184 1646 c

120 1673 181 1736 ulli
207 1673 293 1737 malo
322 1672 407 1738 cedit
434 1673 611 1738 sedetiam
639 1673 668 1738 si
690 1672 805 1738 cecidit
832 1673 871 1737 de
894 1695 980 1758 genu
1007 1680 1147 1760 pugnat.

86 1761 246 1826 7miraris
276 1764 327 1846 tu,
358 1761 386 1826 si
417 1760 494 1826 deus
524 1762 580 1827 ille
609 1762 769 1827 bonorum
799 1762 1053 1846 amantissimus,
1088 1765 1148 1849 qui

120 1851 194 1916 illos
225 1872 322 1936 quam
353 1851 493 1916 otimos
523 1872 592 1916 esse
612 1855 718 1935 atque
747 1851 1033 1916 excellentissimos
1061 1855 1148 1939 vult,

119 1940 283 2005 fortunam
301 1873 460 2016 illtslcum
480 1962 544 2024 qua
567 1943 774 2006 exerceantur
792 1939 962 2026 adsignat?
984 1962 1045 2026 ego
1064 1963 1147 2009 vero

118 2051 185 2094 non
216 2031 330 2113 miror,
361 2030 390 2095 si
417 2028 589 2113 aliquando
621 2031 780 2115 impetum
810 2031 942 2121 cppiunt
974 2033 1149 2114 spectandi
1165 2054 1187 2093 a

84 2134 100 2182 8
119 2140 253 2203 magnos
272 2120 358 2184 viros
378 2119 592 2184 conluctantis
610 2140 684 2185 cum
703 2119 811 2201 aliqua
830 2118 1021 2184 calamitate.
1043 2121 1146 2189 nobis

119 2207 281 2271 interdum
304 2208 466 2292 voluptati
490 2212 553 2290 est,
579 2207 607 2271 si
630 2207 815 2272 adulescens
840 2207 1017 2283 constantis
1041 2211 1150 2277 animi

119 2296 294 2361 irruentem
321 2296 423 2360 leram
441 2296 601 2361 venabulo
625 2296 765 2380 excepit,
794 2296 822 2361 si
844 2297 947 2362 leonis
975 2297 1148 2387 incursum

119 2385 285 2450 interritus
300 2385 443 2468 pertulit,
460 2388 617 2468 tantoque
630 2385 694 2449 hoc
707 2387 927 2469 spectaculum
942 2389 991 2451 est
1008 2389 1150 2476 gratius,

120 2477 241 2557 quanto
264 2473 298 2538 id
315 2474 483 2538 honestior
504 2473 591 2539 fecit.
635 2496 703 2539 non
720 2478 796 2539 sunt
814 2475 891 2558 ista,
914 2496 996 2559 quae
1014 2479 1149 2559 possint
1166 2497 1188 2540 ss

120 2564 252 2627 deorum
280 2564 315 2626 in
338 2585 372 2627 se
392 2564 519 2628 vultum
543 2566 744 2648 convertere,
766 2564 903 2648 puerilia
926 2568 958 2629 et
980 2563 1148 2634 humanae

84 2652 356 2717 soblectamenta
386 2653 542 2717 levitatis:
575 2673 647 2718 eece
680 2654 900 2736 spectaculum
932 2653 1070 2738 dignum
1106 2658 1160 2738 cd¹

121 2741 208 2824 quod
237 2741 390 2826 respiciat
418 2742 562 2807 intentus
586 2743 676 2826 operi
699 2764 757 2807 suo
782 2742 874 2827 deus,
903 2764 976 2808 ecce
998 2765 1060 2827 par
1085 2747 1147 2813 deo

208 2918 224 2971 1
239 2935 277 2986 qu
295 2920 393 2972 rantur
402 2921 430 2972 A
439 2917 448 2990 ll
459 2918 704 2986 dquems'smodum
714 2918 761 3002 Al!
774 2917 970 2989 3indulgeant
979 2923 1103 2978 oorr.A²
1112 2941 1147 2980 cs

118 2989 269 3058 indulgent
288 2989 291 3061 l
305 2989 450 3043 lexoitari
464 3007 480 3046 ς
495 2997 521 3044 ct
532 2990 601 3060 νοις.
613 2990 762 3044 exercitam
771 2991 799 3045 A
811 2989 822 3062 ΙΙ
837 2991 900 3045 lad
910 2991 952 3045 A1
962 2992 993 3045 at
1002 2992 1045 3045 A⁵
1054 3011 1127 3050 corr.
1136 2995 1147 3068 ΙΙ

117 3059 250 3116 Suolunt
263 3062 291 3116 A
309 3079 330 3114 n
347 3078 368 3115 s.
380 3078 405 3116 o.
420 3061 485 3115 odd.
499 3079 534 3115 m.
550 3067 566 3114 1
584 3060 594 3134 11
612 3060 648 3115 13
662 3060 828 3134 sedmotussl
849 3064 879 3116 et
896 3063 959 3130 ipso
973 3064 1000 3118 A
1015 3080 1101 3121 crasa
1114 3068 1147 3121 in

117 3134 171 3200 fine
185 3148 280 3187 cessus
292 3150 352 3186 ooo
365 3133 465 3199 littero,
482 3139 514 3186 ut
526 3133 581 3186 oid.
597 3136 626 3200 's;
640 3132 689 3186 sed
707 3135 799 3196 motu,
814 3133 862 3187 sed
877 3134 938 3202 ipso
953 3136 1024 3189 ccci.
1041 3135 1128 3194 Gertz

117 3203 154 3259 14
180 3203 271 3258 inlesa
298 3202 393 3257 felitas
421 3205 450 3257 A
477 3220 546 3259 corr.
565 3205 634 3274 oolq.
662 3203 666 3276 1
697 3207 727 3258 at
755 3204 801 3258 oui
829 3206 926 3259 Hoosc
949 3206 980 3258 at
1006 3205 1060 3260 ubi
1079 3211 1110 3264 A

116 3275 153 3329 20
172 3275 320 3344 spectandi
339 3276 495 3329 Pincianus
517 3277 648 3342 spectant
673 3275 714 3328 dii
738 3277 767 3330 A
787 3319 792 3330 .
811 3276 926 3332 editores
948 3283 999 3331 act
1017 3277 1048 3332 di
1067 3281 1145 3337 atissa

117 3347 173 3401 clio
191 3348 248 3402 loco
266 3348 392 3401 incessunt
409 3353 459 3400 act
476 3346 593 3413 capiunt
610 3348 643 3400 isc
662 3347 739 3415 cepit
756 3355 873 3414 mutant,
891 3349 1031 3417 sedsaepe
1044 3350 1112 3408 Son.
1125 3371 1145 3408 c

118 3419 255 3487 simpulum?
272 3436 348 3472 com.
364 3417 402 3471 ad
410 3419 549 3485 plwolcm
562 3419 664 3472 transit
681 3425 732 3472 aut
748 3437 767 3472 o
780 3420 890 3488 plwrclc'
906 3420 944 3474 ad
956 3421 1144 3492 copularem

118 3489 168 3556 cfr.
187 3490 254 3544 dial.
274 3490 313 3544 II
326 3495 353 3554 8,
367 3493 400 3555 2,·
421 3490 490 3556 epist
508 3488 621 3542 XXXI
636 3496 716 3556 estr.;
733 3490 792 3545 clio
810 3492 934 3560 exempla
951 3491 1061 3564 colleoit
1079 3495 1141 3552 Jot.

119 3559 222 3615 Mdllcr
241 3562 315 3614 Krit.
331 3560 408 3615 stoc.
425 3561 446 3615 1
456 3577 486 3630 p.
502 3565 564 3628 dsq.

1170 3132 1176 3140 ι
