<?xml version="1.0" encoding="UTF-8"?>
<!DOCTYPE html PUBLIC "-//W3C//DTD XHTML 1.0 Transitional//EN"
    "http://www.w3.org/TR/xhtml1/DTD/xhtml1-transitional.dtd">
<html xmlns="http://www.w3.org/1999/xhtml" xml:lang="en" lang="en">
 <head>
  <title>
</title>
<meta http-equiv="Content-Type" content="text/html;charset=utf-8" />
  <meta name='ocr-system' content='tesseract 3.04.00' />
  <meta name='ocr-capabilities' content='ocr_page ocr_carea ocr_par ocr_line ocrx_word'/>
</head>
<body>
  <div class='ocr_page' id='page_1' title='image "./dialogorumlibro00senegoog_0380.png"; bbox 0 0 2400 3840; ppageno 0'>
   <div class='ocr_carea' id='block_1_1' title="bbox 111 246 1116 316">
    <p class='ocr_par' dir='ltr' id='par_1_1' title="bbox 111 246 1116 316">
     <span class='ocr_line' id='line_1_1' title="bbox 111 246 1116 316; baseline 0.001 -13"><span class='ocrx_word' id='word_1_1' title='bbox 111 249 161 304; x_wconf 86' lang='lat' dir='ltr'><strong>AD</strong></span> <span class='ocrx_word' id='word_1_2' title='bbox 176 247 345 302; x_wconf 81' lang='lat' dir='ltr'><strong><em>HELVIAM</em></strong></span> <span class='ocrx_word' id='word_1_3' title='bbox 358 247 517 302; x_wconf 82' lang='lat' dir='ltr'><strong><em>MATREM</em></strong></span> <span class='ocrx_word' id='word_1_4' title='bbox 530 247 580 301; x_wconf 83' lang='lat' dir='ltr'><strong>DE</strong></span> <span class='ocrx_word' id='word_1_5' title='bbox 594 246 872 303; x_wconf 78' lang='lat' dir='ltr'>CONSOLATIONE</span> <span class='ocrx_word' id='word_1_6' title='bbox 887 246 964 304; x_wconf 82' lang='lat' dir='ltr'><strong>cAP.</strong></span> <span class='ocrx_word' id='word_1_7' title='bbox 976 253 1010 302; x_wconf 90' lang='lat'><strong>10</strong></span> <span class='ocrx_word' id='word_1_8' title='bbox 1050 249 1116 316; x_wconf 82' lang='lat'><strong>355</strong></span> 
     </span>
    </p>
   </div>
   <div class='ocr_carea' id='block_1_2' title="bbox 52 391 1170 2955">
    <p class='ocr_par' dir='ltr' id='par_1_2' title="bbox 97 391 1118 746">
     <span class='ocr_line' id='line_1_2' title="bbox 97 391 1116 479; baseline -0.003 -18"><span class='ocrx_word' id='word_1_9' title='bbox 97 397 226 461; x_wconf 91' lang='lat' dir='ltr'><strong>hostem</strong></span> <span class='ocrx_word' id='word_1_10' title='bbox 265 397 466 479; x_wconf 74' lang='lat' dir='ltr'><strong>percusserat</strong></span> <span class='ocrx_word' id='word_1_11' title='bbox 497 391 712 476; x_wconf 87' lang='lat' dir='ltr'><strong>laureamque</strong></span> <span class='ocrx_word' id='word_1_12' title='bbox 748 393 783 458; x_wconf 89' lang='lat' dir='ltr'><strong>in</strong></span> <span class='ocrx_word' id='word_1_13' title='bbox 820 391 995 478; x_wconf 78' lang='lat' dir='ltr'><strong>Capitolini</strong></span> <span class='ocrx_word' id='word_1_14' title='bbox 1030 391 1116 458; x_wconf 87' lang='lat' dir='ltr'><strong>Iovis</strong></span> 
     </span>
     <span class='ocr_line' id='line_1_3' title="bbox 97 480 1117 572; baseline -0.004 -22"><span class='ocrx_word' id='word_1_15' title='bbox 97 485 220 572; x_wconf 82' lang='lat' dir='ltr'><strong>gremio</strong></span> <span class='ocrx_word' id='word_1_16' title='bbox 239 487 438 568; x_wconf 78' lang='lat' dir='ltr'>reposuerat,</span> <span class='ocrx_word' id='word_1_17' title='bbox 462 504 559 566; x_wconf 89' lang='lat' dir='ltr'><strong>quam</strong></span> <span class='ocrx_word' id='word_1_18' title='bbox 573 480 707 567; x_wconf 81' lang='lat' dir='ltr'><strong>Apicius</strong></span> <span class='ocrx_word' id='word_1_19' title='bbox 726 486 837 547; x_wconf 88' lang='lat' dir='ltr'><strong>nostra</strong></span> <span class='ocrx_word' id='word_1_20' title='bbox 854 482 1010 548; x_wconf 90' lang='lat' dir='ltr'><strong>memoria</strong></span> <span class='ocrx_word' id='word_1_21' title='bbox 1027 482 1117 567; x_wconf 79' lang='lat' dir='ltr'><strong>vixit,</strong></span> 
     </span>
     <span class='ocr_line' id='line_1_4' title="bbox 97 571 1118 658; baseline 0 -20"><span class='ocrx_word' id='word_1_22' title='bbox 97 574 154 658; x_wconf 90' lang='lat' dir='ltr'><strong>qui</strong></span> <span class='ocrx_word' id='word_1_23' title='bbox 185 575 221 638; x_wconf 94' lang='lat' dir='ltr'><strong>in</strong></span> <span class='ocrx_word' id='word_1_24' title='bbox 252 595 290 638; x_wconf 89' lang='lat' dir='ltr'><strong>ea</strong></span> <span class='ocrx_word' id='word_1_25' title='bbox 321 573 413 656; x_wconf 85' lang='lat' dir='ltr'><strong>urbe,</strong></span> <span class='ocrx_word' id='word_1_26' title='bbox 444 594 485 637; x_wconf 82' lang='lat' dir='ltr'><strong>ex</strong></span> <span class='ocrx_word' id='word_1_27' title='bbox 516 594 581 656; x_wconf 91' lang='lat' dir='ltr'><strong>qua</strong></span> <span class='ocrx_word' id='word_1_28' title='bbox 613 571 786 655; x_wconf 90' lang='lat' dir='ltr'><strong>aliquando</strong></span> <span class='ocrx_word' id='word_1_29' title='bbox 813 572 1001 657; x_wconf 83' lang='lat' dir='ltr'><strong>philosophi</strong></span> <span class='ocrx_word' id='word_1_30' title='bbox 1027 574 1118 638; x_wconf 83' lang='lat' dir='ltr'><strong>velut</strong></span> 
     </span>
     <span class='ocr_line' id='line_1_5' title="bbox 97 660 1117 746; baseline -0.002 -17"><span class='ocrx_word' id='word_1_31' title='bbox 97 667 302 746; x_wconf 71' lang='lat' dir='ltr'><strong>corrupisses</strong></span> <span class='ocrx_word' id='word_1_32' title='bbox 329 661 505 726; x_wconf 86' lang='lat' dir='ltr'><strong>iuventutis</strong></span> <span class='ocrx_word' id='word_1_33' title='bbox 533 661 621 726; x_wconf 86' lang='lat' dir='ltr'><strong>abire</strong></span> <span class='ocrx_word' id='word_1_34' title='bbox 648 660 728 726; x_wconf 92' lang='lat' dir='ltr'><strong>iussi</strong></span> <span class='ocrx_word' id='word_1_35' title='bbox 756 665 845 745; x_wconf 86' lang='lat' dir='ltr'><strong>sunt,</strong></span> <span class='ocrx_word' id='word_1_36' title='bbox 871 661 1038 726; x_wconf 91' lang='lat' dir='ltr'><strong>seientiam</strong></span> <span class='ocrx_word' id='word_1_37' title='bbox 1061 683 1117 746; x_wconf 77' lang='lat' dir='ltr'><strong>po</strong></span> 
     </span>
    </p>

    <p class='ocr_par' dir='ltr' id='par_1_3' title="bbox 66 749 1169 1192">
     <span class='ocr_line' id='line_1_6' title="bbox 66 749 1116 838; baseline 0.001 -23"><span class='ocrx_word' id='word_1_38' title='bbox 66 775 78 815; x_wconf 79' lang='lat' dir='ltr'><strong>a</strong></span> <span class='ocrx_word' id='word_1_39' title='bbox 96 753 192 838; x_wconf 90' lang='lat' dir='ltr'><strong>pinae</strong></span> <span class='ocrx_word' id='word_1_40' title='bbox 214 751 378 837; x_wconf 85' lang='lat' dir='ltr'><strong>professus</strong></span> <span class='ocrx_word' id='word_1_41' title='bbox 402 749 572 835; x_wconf 89' lang='lat' dir='ltr'><strong>disciplina</strong></span> <span class='ocrx_word' id='word_1_42' title='bbox 590 771 648 814; x_wconf 89' lang='lat' dir='ltr'><strong>sua</strong></span> <span class='ocrx_word' id='word_1_43' title='bbox 666 750 829 815; x_wconf 87' lang='lat' dir='ltr'><strong>saeculum</strong></span> <span class='ocrx_word' id='word_1_44' title='bbox 847 749 981 816; x_wconf 64' lang='lat' dir='ltr'><strong>infecit?</strong></span> <span class='ocrx_word' id='word_1_45' title='bbox 1025 752 1116 816; x_wconf 89' lang='lat' dir='ltr'><strong>cuius</strong></span> 
     </span>
     <span class='ocr_line' id='line_1_7' title="bbox 97 840 1169 925; baseline 0 -19"><span class='ocrx_word' id='word_1_46' title='bbox 97 841 220 906; x_wconf 84' lang='lat' dir='ltr'><strong>exitum</strong></span> <span class='ocrx_word' id='word_1_47' title='bbox 259 862 355 906; x_wconf 91' lang='lat' dir='ltr'><strong>nosse</strong></span> <span class='ocrx_word' id='word_1_48' title='bbox 392 861 508 924; x_wconf 81' lang='lat' dir='ltr'><strong>operae</strong></span> <span class='ocrx_word' id='word_1_49' title='bbox 544 840 684 925; x_wconf 88' lang='lat' dir='ltr'><strong>pretium</strong></span> <span class='ocrx_word' id='word_1_50' title='bbox 721 842 778 904; x_wconf 90' lang='lat' dir='ltr'><strong>est.</strong></span> <span class='ocrx_word' id='word_1_51' title='bbox 824 860 898 904; x_wconf 90' lang='lat' dir='ltr'><strong>cum</strong></span> <span class='ocrx_word' id='word_1_52' title='bbox 934 841 1116 905; x_wconf 74' lang='lat' dir='ltr'><strong>sestertium</strong></span> <span class='ocrx_word' id='word_1_53' title='bbox 1154 855 1169 906; x_wconf 77' lang='grc'><strong>9</strong></span> 
     </span>
     <span class='ocr_line' id='line_1_8' title="bbox 97 928 1117 1015; baseline 0 -21"><span class='ocrx_word' id='word_1_54' title='bbox 97 929 237 994; x_wconf 79' lang='lat' dir='ltr'><strong>milliens</strong></span> <span class='ocrx_word' id='word_1_55' title='bbox 274 930 309 994; x_wconf 90' lang='lat' dir='ltr'><strong>in</strong></span> <span class='ocrx_word' id='word_1_56' title='bbox 344 929 485 994; x_wconf 85' lang='lat' dir='ltr'><strong>culinam</strong></span> <span class='ocrx_word' id='word_1_57' title='bbox 522 928 725 1012; x_wconf 89' lang='lat' dir='ltr'><strong>coniecisset,</strong></span> <span class='ocrx_word' id='word_1_58' title='bbox 760 949 835 994; x_wconf 90' lang='lat' dir='ltr'><strong>cum</strong></span> <span class='ocrx_word' id='word_1_59' title='bbox 871 932 922 993; x_wconf 91' lang='lat' dir='ltr'><strong>tot</strong></span> <span class='ocrx_word' id='word_1_60' title='bbox 953 930 1117 1015; x_wconf 82' lang='lat' dir='ltr'><strong>congiaria</strong></span> 
     </span>
     <span class='ocr_line' id='line_1_9' title="bbox 96 1015 1117 1104; baseline 0.001 -22"><span class='ocrx_word' id='word_1_61' title='bbox 96 1017 280 1103; x_wconf 89' lang='lat' dir='ltr'><strong>principum</strong></span> <span class='ocrx_word' id='word_1_62' title='bbox 310 1023 343 1084; x_wconf 90' lang='lat' dir='ltr'><strong>et</strong></span> <span class='ocrx_word' id='word_1_63' title='bbox 368 1018 483 1104; x_wconf 82' lang='lat' dir='ltr'><strong>ingens</strong></span> <span class='ocrx_word' id='word_1_64' title='bbox 511 1015 663 1101; x_wconf 80' lang='lat' dir='ltr'><strong>capitolii</strong></span> <span class='ocrx_word' id='word_1_65' title='bbox 689 1018 829 1104; x_wconf 85' lang='lat' dir='ltr'><strong>vectigal</strong></span> <span class='ocrx_word' id='word_1_66' title='bbox 856 1017 993 1103; x_wconf 82' lang='lat' dir='ltr'><strong>singolis</strong></span> <span class='ocrx_word' id='word_1_67' title='bbox 1020 1019 1117 1083; x_wconf 93' lang='lat' dir='ltr'><strong>comi-</strong></span> 
     </span>
     <span class='ocr_line' id='line_1_10' title="bbox 97 1107 1116 1192; baseline 0.001 -20"><span class='ocrx_word' id='word_1_68' title='bbox 97 1107 276 1173; x_wconf 79' lang='lat' dir='ltr'><strong>sationibus</strong></span> <span class='ocrx_word' id='word_1_69' title='bbox 304 1108 530 1192; x_wconf 87' lang='lat' dir='ltr'><strong>exsorpsisset,</strong></span> <span class='ocrx_word' id='word_1_70' title='bbox 556 1128 628 1172; x_wconf 90' lang='lat' dir='ltr'><strong>aere</strong></span> <span class='ocrx_word' id='word_1_71' title='bbox 651 1107 757 1172; x_wconf 90' lang='lat' dir='ltr'><strong>alieno</strong></span> <span class='ocrx_word' id='word_1_72' title='bbox 781 1128 953 1191; x_wconf 90' lang='lat' dir='ltr'><strong>oppressus</strong></span> <span class='ocrx_word' id='word_1_73' title='bbox 976 1107 1116 1174; x_wconf 89' lang='lat' dir='ltr'><strong>rationes</strong></span> 
     </span>
    </p>

    <p class='ocr_par' dir='ltr' id='par_1_4' title="bbox 53 1196 1170 1641">
     <span class='ocr_line' id='line_1_11' title="bbox 53 1196 1118 1281; baseline 0.001 -21"><span class='ocrx_word' id='word_1_74' title='bbox 53 1220 79 1260; x_wconf 81' lang='lat' dir='ltr'><strong>ro</strong></span> <span class='ocrx_word' id='word_1_75' title='bbox 97 1218 171 1263; x_wconf 86' lang='lat' dir='ltr'><strong>suas</strong></span> <span class='ocrx_word' id='word_1_76' title='bbox 194 1201 273 1262; x_wconf 90' lang='lat' dir='ltr'><strong>tune</strong></span> <span class='ocrx_word' id='word_1_77' title='bbox 294 1197 435 1281; x_wconf 87' lang='lat' dir='ltr'><strong>primum</strong></span> <span class='ocrx_word' id='word_1_78' title='bbox 458 1200 588 1262; x_wconf 87' lang='lat' dir='ltr'><strong>coactus</strong></span> <span class='ocrx_word' id='word_1_79' title='bbox 611 1196 766 1280; x_wconf 85' lang='lat' dir='ltr'><strong>inspexit:</strong></span> <span class='ocrx_word' id='word_1_80' title='bbox 789 1196 1031 1280; x_wconf 84' lang='lat' dir='ltr'><strong>superfuturum</strong></span> <span class='ocrx_word' id='word_1_81' title='bbox 1055 1197 1118 1262; x_wconf 91' lang='lat' dir='ltr'><strong>sibi</strong></span> 
     </span>
     <span class='ocr_line' id='line_1_12' title="bbox 96 1284 1117 1372; baseline -0.001 -20"><span class='ocrx_word' id='word_1_82' title='bbox 96 1288 279 1352; x_wconf 86' lang='lat' dir='ltr'><strong>sestertium</strong></span> <span class='ocrx_word' id='word_1_83' title='bbox 302 1286 444 1353; x_wconf 88' lang='lat' dir='ltr'><strong>centiens</strong></span> <span class='ocrx_word' id='word_1_84' title='bbox 468 1286 669 1370; x_wconf 86' lang='lat' dir='ltr'><strong>computavit</strong></span> <span class='ocrx_word' id='word_1_85' title='bbox 691 1288 724 1351; x_wconf 90' lang='lat' dir='ltr'><strong>et</strong></span> <span class='ocrx_word' id='word_1_86' title='bbox 738 1286 831 1372; x_wconf 11' lang='lat' dir='ltr'><strong>uvelut</strong></span> <span class='ocrx_word' id='word_1_87' title='bbox 847 1286 883 1350; x_wconf 90' lang='lat' dir='ltr'><strong>in</strong></span> <span class='ocrx_word' id='word_1_88' title='bbox 900 1284 1015 1350; x_wconf 89' lang='lat' dir='ltr'><strong>ultima</strong></span> <span class='ocrx_word' id='word_1_89' title='bbox 1032 1285 1117 1351; x_wconf 88' lang='lat' dir='ltr'><strong>fame</strong></span> 
     </span>
     <span class='ocr_line' id='line_1_13' title="bbox 94 1374 1117 1459; baseline -0.001 -18"><span class='ocrx_word' id='word_1_90' title='bbox 94 1376 252 1459; x_wconf 78' lang='lat' dir='ltr'><strong>victurus,</strong></span> <span class='ocrx_word' id='word_1_91' title='bbox 276 1375 305 1441; x_wconf 89' lang='lat' dir='ltr'><strong>si</strong></span> <span class='ocrx_word' id='word_1_92' title='bbox 326 1376 361 1440; x_wconf 92' lang='lat' dir='ltr'><strong>in</strong></span> <span class='ocrx_word' id='word_1_93' title='bbox 379 1375 526 1440; x_wconf 89' lang='lat' dir='ltr'><strong>sestertio</strong></span> <span class='ocrx_word' id='word_1_94' title='bbox 545 1375 688 1440; x_wconf 82' lang='lat' dir='ltr'><strong>centiens</strong></span> <span class='ocrx_word' id='word_1_95' title='bbox 707 1375 852 1459; x_wconf 83' lang='lat' dir='ltr'><strong>vixisset,</strong></span> <span class='ocrx_word' id='word_1_96' title='bbox 875 1397 997 1440; x_wconf 85' lang='lat' dir='ltr'><strong>veneno</strong></span> <span class='ocrx_word' id='word_1_97' title='bbox 1016 1374 1117 1440; x_wconf 80' lang='lat' dir='ltr'><strong>vitam</strong></span> 
     </span>
     <span class='ocr_line' id='line_1_14' title="bbox 97 1464 1170 1548; baseline 0 -19"><span class='ocrx_word' id='word_1_98' title='bbox 97 1465 211 1530; x_wconf 85' lang='lat' dir='ltr'><strong>finivit.</strong></span> <span class='ocrx_word' id='word_1_99' title='bbox 258 1469 380 1548; x_wconf 89' lang='lat' dir='ltr'><strong>quanta</strong></span> <span class='ocrx_word' id='word_1_100' title='bbox 407 1464 536 1529; x_wconf 84' lang='lat' dir='ltr'><strong>luxuria</strong></span> <span class='ocrx_word' id='word_1_101' title='bbox 565 1467 648 1547; x_wconf 88' lang='lat' dir='ltr'><strong>erat,</strong></span> <span class='ocrx_word' id='word_1_102' title='bbox 680 1464 733 1529; x_wconf 89' lang='lat' dir='ltr'><strong>cui</strong></span> <span class='ocrx_word' id='word_1_103' title='bbox 763 1464 904 1530; x_wconf 89' lang='lat' dir='ltr'><strong>centiens</strong></span> <span class='ocrx_word' id='word_1_104' title='bbox 935 1464 1118 1530; x_wconf 87' lang='lat' dir='ltr'><strong>sestertium</strong></span> <span class='ocrx_word' id='word_1_105' title='bbox 1136 1480 1170 1530; x_wconf 91' lang='lat'><strong>10</strong></span> 
     </span>
     <span class='ocr_line' id='line_1_15' title="bbox 98 1552 1117 1641; baseline 0 -22"><span class='ocrx_word' id='word_1_106' title='bbox 98 1558 223 1641; x_wconf 85' lang='lat' dir='ltr'><strong>egestas</strong></span> <span class='ocrx_word' id='word_1_107' title='bbox 246 1553 322 1616; x_wconf 82' lang='lat' dir='ltr'><strong>fuiti</strong></span> <span class='ocrx_word' id='word_1_108' title='bbox 368 1552 379 1616; x_wconf 93' lang='lat' dir='ltr'><strong>i</strong></span> <span class='ocrx_word' id='word_1_109' title='bbox 401 1574 488 1617; x_wconf 89' lang='lat' dir='ltr'><strong>nuno</strong></span> <span class='ocrx_word' id='word_1_110' title='bbox 512 1555 544 1617; x_wconf 91' lang='lat' dir='ltr'><strong>et</strong></span> <span class='ocrx_word' id='word_1_111' title='bbox 565 1557 645 1636; x_wconf 88' lang='lat' dir='ltr'><strong>puta</strong></span> <span class='ocrx_word' id='word_1_112' title='bbox 667 1555 821 1637; x_wconf 89' lang='lat' dir='ltr'><strong>pecuniae</strong></span> <span class='ocrx_word' id='word_1_113' title='bbox 840 1554 972 1619; x_wconf 93' lang='lat' dir='ltr'><strong>modum</strong></span> <span class='ocrx_word' id='word_1_114' title='bbox 991 1554 1117 1620; x_wconf 87' lang='lat' dir='ltr'><strong>adrem</strong></span> 
     </span>
    </p>

    <p class='ocr_par' dir='ltr' id='par_1_5' title="bbox 52 1640 1118 2083">
     <span class='ocr_line' id='line_1_16' title="bbox 52 1640 1117 1727; baseline 0.004 -23"><span class='ocrx_word' id='word_1_115' title='bbox 52 1664 78 1704; x_wconf 84' lang='lat'><strong>15</strong></span> <span class='ocrx_word' id='word_1_116' title='bbox 97 1641 270 1726; x_wconf 83' lang='lat' dir='ltr'><strong>pertinere,</strong></span> <span class='ocrx_word' id='word_1_117' title='bbox 297 1663 365 1705; x_wconf 91' lang='lat' dir='ltr'><strong>non</strong></span> <span class='ocrx_word' id='word_1_118' title='bbox 391 1640 498 1705; x_wconf 88' lang='lat' dir='ltr'><strong>animi.</strong></span> <span class='ocrx_word' id='word_1_119' title='bbox 545 1642 727 1706; x_wconf 82' lang='lat' dir='ltr'><strong>sestertium</strong></span> <span class='ocrx_word' id='word_1_120' title='bbox 755 1643 897 1709; x_wconf 88' lang='lat' dir='ltr'><strong>centiens</strong></span> <span class='ocrx_word' id='word_1_121' title='bbox 925 1644 1042 1727; x_wconf 88' lang='lat' dir='ltr'><strong>aliquis</strong></span> <span class='ocrx_word' id='word_1_122' title='bbox 1065 1665 1117 1708; x_wconf 89' lang='lat' dir='ltr'><strong>ex·</strong></span> 
     </span>
     <span class='ocr_line' id='line_1_17' title="bbox 98 1729 1118 1817; baseline 0.003 -22"><span class='ocrx_word' id='word_1_123' title='bbox 98 1732 209 1796; x_wconf 87' lang='lat' dir='ltr'><strong>timuit</strong></span> <span class='ocrx_word' id='word_1_124' title='bbox 236 1735 282 1814; x_wconf 87' lang='lat' dir='ltr'><strong>et,</strong></span> <span class='ocrx_word' id='word_1_125' title='bbox 313 1730 400 1813; x_wconf 89' lang='lat' dir='ltr'><strong>quod</strong></span> <span class='ocrx_word' id='word_1_126' title='bbox 428 1729 484 1794; x_wconf 87' lang='lat' dir='ltr'><strong>alii</strong></span> <span class='ocrx_word' id='word_1_127' title='bbox 510 1733 588 1794; x_wconf 86' lang='lat' dir='ltr'><strong>voto</strong></span> <span class='ocrx_word' id='word_1_128' title='bbox 616 1733 744 1814; x_wconf 88' lang='lat' dir='ltr'><strong>petunt,</strong></span> <span class='ocrx_word' id='word_1_129' title='bbox 774 1753 897 1796; x_wconf 84' lang='lat' dir='ltr'><strong>veneno</strong></span> <span class='ocrx_word' id='word_1_130' title='bbox 924 1732 1023 1817; x_wconf 77' lang='lat' dir='ltr'><strong>fugit!</strong></span> <span class='ocrx_word' id='word_1_131' title='bbox 1068 1733 1118 1798; x_wconf 93' lang='lat' dir='ltr'><strong>illi</strong></span> 
     </span>
     <span class='ocr_line' id='line_1_18' title="bbox 98 1818 1117 1904; baseline 0.002 -20"><span class='ocrx_word' id='word_1_132' title='bbox 98 1842 176 1885; x_wconf 84' lang='lat' dir='ltr'><strong>vero</strong></span> <span class='ocrx_word' id='word_1_133' title='bbox 202 1823 269 1884; x_wconf 84' lang='lat' dir='ltr'><strong>tam</strong></span> <span class='ocrx_word' id='word_1_134' title='bbox 297 1841 415 1903; x_wconf 86' lang='lat' dir='ltr'><strong>pravae</strong></span> <span class='ocrx_word' id='word_1_135' title='bbox 438 1818 555 1884; x_wconf 89' lang='lat' dir='ltr'><strong>mentis</strong></span> <span class='ocrx_word' id='word_1_136' title='bbox 577 1819 703 1883; x_wconf 89' lang='lat' dir='ltr'><strong>homini</strong></span> <span class='ocrx_word' id='word_1_137' title='bbox 725 1820 840 1883; x_wconf 90' lang='lat' dir='ltr'><strong>ultima</strong></span> <span class='ocrx_word' id='word_1_138' title='bbox 862 1820 953 1904; x_wconf 92' lang='lat' dir='ltr'><strong>potio</strong></span> <span class='ocrx_word' id='word_1_139' title='bbox 977 1821 1117 1886; x_wconf 90' lang='lat' dir='ltr'><strong>saluber·</strong></span> 
     </span>
     <span class='ocr_line' id='line_1_19' title="bbox 97 1907 1117 1992; baseline -0.002 -18"><span class='ocrx_word' id='word_1_140' title='bbox 97 1909 179 1974; x_wconf 87' lang='lat' dir='ltr'><strong>rima</strong></span> <span class='ocrx_word' id='word_1_141' title='bbox 208 1909 284 1972; x_wconf 90' lang='lat' dir='ltr'><strong>fuit:</strong></span> <span class='ocrx_word' id='word_1_142' title='bbox 314 1912 393 1974; x_wconf 89' lang='lat' dir='ltr'><strong>tunc</strong></span> <span class='ocrx_word' id='word_1_143' title='bbox 422 1930 545 1973; x_wconf 84' lang='lat' dir='ltr'><strong>venena</strong></span> <span class='ocrx_word' id='word_1_144' title='bbox 574 1907 688 1973; x_wconf 81' lang='lat' dir='ltr'><strong>edebat</strong></span> <span class='ocrx_word' id='word_1_145' title='bbox 716 1908 924 1992; x_wconf 86' lang='lat' dir='ltr'><strong>bibebatque,</strong></span> <span class='ocrx_word' id='word_1_146' title='bbox 956 1930 1029 1974; x_wconf 92' lang='lat' dir='ltr'><strong>cum</strong></span> <span class='ocrx_word' id='word_1_147' title='bbox 1058 1910 1117 1973; x_wconf 91' lang='lat' dir='ltr'><strong>im·</strong></span> 
     </span>
     <span class='ocr_line' id='line_1_20' title="bbox 97 1997 1116 2083; baseline 0.001 -21"><span class='ocrx_word' id='word_1_148' title='bbox 97 1997 215 2063; x_wconf 90' lang='lat' dir='ltr'><strong>mensis</strong></span> <span class='ocrx_word' id='word_1_149' title='bbox 239 1998 343 2082; x_wconf 89' lang='lat' dir='ltr'><strong>epulis</strong></span> <span class='ocrx_word' id='word_1_150' title='bbox 365 2019 433 2062; x_wconf 87' lang='lat' dir='ltr'><strong>non</strong></span> <span class='ocrx_word' id='word_1_151' title='bbox 452 1998 662 2062; x_wconf 86' lang='lat' dir='ltr'><strong>delectaretur</strong></span> <span class='ocrx_word' id='word_1_152' title='bbox 679 2000 820 2081; x_wconf 86' lang='lat' dir='ltr'><strong>tantum,</strong></span> <span class='ocrx_word' id='word_1_153' title='bbox 842 1998 898 2063; x_wconf 92' lang='lat' dir='ltr'><strong>sed</strong></span> <span class='ocrx_word' id='word_1_154' title='bbox 917 1997 1116 2083; x_wconf 82' lang='lat' dir='ltr'><strong>gloriaretur,</strong></span> 
     </span>
    </p>

    <p class='ocr_par' dir='ltr' id='par_1_6' title="bbox 52 2085 1168 2531">
     <span class='ocr_line' id='line_1_21' title="bbox 52 2085 1116 2169; baseline 0.004 -21"><span class='ocrx_word' id='word_1_155' title='bbox 52 2109 79 2149; x_wconf 81' lang='lat' dir='ltr'><strong>ro</strong></span> <span class='ocrx_word' id='word_1_156' title='bbox 97 2109 170 2153; x_wconf 90' lang='lat' dir='ltr'><strong>eum</strong></span> <span class='ocrx_word' id='word_1_157' title='bbox 199 2087 280 2151; x_wconf 81' lang='lat' dir='ltr'><strong>vitia</strong></span> <span class='ocrx_word' id='word_1_158' title='bbox 307 2108 365 2152; x_wconf 87' lang='lat' dir='ltr'><strong>sua</strong></span> <span class='ocrx_word' id='word_1_159' title='bbox 392 2090 582 2169; x_wconf 86' lang='lat' dir='ltr'><strong>ostentaret,</strong></span> <span class='ocrx_word' id='word_1_160' title='bbox 612 2107 686 2150; x_wconf 91' lang='lat' dir='ltr'><strong>cum</strong></span> <span class='ocrx_word' id='word_1_161' title='bbox 713 2085 876 2151; x_wconf 80' lang='lat' dir='ltr'><strong>civitatem</strong></span> <span class='ocrx_word' id='word_1_162' title='bbox 899 2088 934 2151; x_wconf 90' lang='lat' dir='ltr'><strong>in</strong></span> <span class='ocrx_word' id='word_1_163' title='bbox 956 2087 1116 2152; x_wconf 86' lang='lat' dir='ltr'><strong>luxuriam</strong></span> 
     </span>
     <span class='ocr_line' id='line_1_22' title="bbox 97 2174 1116 2261; baseline 0 -18"><span class='ocrx_word' id='word_1_164' title='bbox 97 2198 188 2243; x_wconf 88' lang='lat' dir='ltr'><strong>suam</strong></span> <span class='ocrx_word' id='word_1_165' title='bbox 212 2179 426 2261; x_wconf 83' lang='lat' dir='ltr'><strong>converteret,</strong></span> <span class='ocrx_word' id='word_1_166' title='bbox 449 2197 523 2243; x_wconf 89' lang='lat' dir='ltr'><strong>cum</strong></span> <span class='ocrx_word' id='word_1_167' title='bbox 546 2174 747 2240; x_wconf 83' lang='lat' dir='ltr'><strong>iuventutem</strong></span> <span class='ocrx_word' id='word_1_168' title='bbox 769 2176 810 2240; x_wconf 89' lang='lat' dir='ltr'><strong>ad</strong></span> <span class='ocrx_word' id='word_1_169' title='bbox 834 2176 1048 2240; x_wconf 89' lang='lat' dir='ltr'><strong>imitationem</strong></span> <span class='ocrx_word' id='word_1_170' title='bbox 1067 2177 1116 2243; x_wconf 89' lang='lat' dir='ltr'><strong>sui</strong></span> 
     </span>
     <span class='ocr_line' id='line_1_23' title="bbox 97 2264 1116 2348; baseline -0.001 -16"><span class='ocrx_word' id='word_1_171' title='bbox 97 2266 286 2332; x_wconf 86' lang='lat' dir='ltr'><strong>sollicitaret</strong></span> <span class='ocrx_word' id='word_1_172' title='bbox 314 2265 410 2330; x_wconf 88' lang='lat' dir='ltr'><strong>etiam</strong></span> <span class='ocrx_word' id='word_1_173' title='bbox 438 2266 507 2330; x_wconf 91' lang='lat' dir='ltr'><strong>sine</strong></span> <span class='ocrx_word' id='word_1_174' title='bbox 534 2265 627 2330; x_wconf 89' lang='lat' dir='ltr'><strong>malis</strong></span> <span class='ocrx_word' id='word_1_175' title='bbox 656 2264 810 2348; x_wconf 88' lang='lat' dir='ltr'><strong>exemplis</strong></span> <span class='ocrx_word' id='word_1_176' title='bbox 833 2285 891 2348; x_wconf 89' lang='lat' dir='ltr'><strong>per</strong></span> <span class='ocrx_word' id='word_1_177' title='bbox 914 2287 948 2330; x_wconf 90' lang='lat' dir='ltr'><strong>se</strong></span> <span class='ocrx_word' id='word_1_178' title='bbox 971 2265 1116 2332; x_wconf 89' lang='lat' dir='ltr'><strong>docilem.</strong></span> 
     </span>
     <span class='ocr_line' id='line_1_24' title="bbox 95 2353 1168 2441; baseline -0.002 -21"><span class='ocrx_word' id='word_1_179' title='bbox 95 2356 176 2421; x_wconf 88' lang='lat' dir='ltr'><strong>haec</strong></span> <span class='ocrx_word' id='word_1_180' title='bbox 203 2355 354 2422; x_wconf 86' lang='lat' dir='ltr'><strong>accidunt</strong></span> <span class='ocrx_word' id='word_1_181' title='bbox 381 2354 509 2420; x_wconf 87' lang='lat' dir='ltr'><strong>divitias</strong></span> <span class='ocrx_word' id='word_1_182' title='bbox 535 2375 603 2418; x_wconf 88' lang='lat' dir='ltr'><strong>non</strong></span> <span class='ocrx_word' id='word_1_183' title='bbox 630 2353 671 2418; x_wconf 91' lang='lat' dir='ltr'><strong>ad</strong></span> <span class='ocrx_word' id='word_1_184' title='bbox 696 2353 855 2418; x_wconf 88' lang='lat' dir='ltr'><strong>rationem</strong></span> <span class='ocrx_word' id='word_1_185' title='bbox 882 2356 1117 2441; x_wconf 85' lang='lat' dir='ltr'><strong>revocantibus,</strong></span> <span class='ocrx_word' id='word_1_186' title='bbox 1136 2370 1168 2419; x_wconf 88' lang='lat'><strong>11</strong></span> 
     </span>
     <span class='ocr_line' id='line_1_25' title="bbox 96 2442 1116 2531; baseline 0 -21"><span class='ocrx_word' id='word_1_187' title='bbox 96 2445 188 2510; x_wconf 86' lang='lat' dir='ltr'><strong>cuius</strong></span> <span class='ocrx_word' id='word_1_188' title='bbox 212 2445 292 2510; x_wconf 90' lang='lat' dir='ltr'><strong>certi</strong></span> <span class='ocrx_word' id='word_1_189' title='bbox 314 2445 395 2509; x_wconf 88' lang='lat' dir='ltr'><strong>fines</strong></span> <span class='ocrx_word' id='word_1_190' title='bbox 419 2448 507 2528; x_wconf 89' lang='lat' dir='ltr'><strong>sunt,</strong></span> <span class='ocrx_word' id='word_1_191' title='bbox 531 2443 587 2508; x_wconf 89' lang='lat' dir='ltr'><strong>sed</strong></span> <span class='ocrx_word' id='word_1_192' title='bbox 610 2443 650 2508; x_wconf 92' lang='lat' dir='ltr'><strong>ad</strong></span> <span class='ocrx_word' id='word_1_193' title='bbox 672 2442 823 2507; x_wconf 86' lang='lat' dir='ltr'><strong>vitiosam</strong></span> <span class='ocrx_word' id='word_1_194' title='bbox 843 2444 1116 2531; x_wconf 86' lang='lat' dir='ltr'><strong>consuetudinem,</strong></span> 
     </span>
    </p>

    <p class='ocr_par' dir='ltr' id='par_1_7' title="bbox 52 2532 1117 2955">
     <span class='ocr_line' id='line_1_26' title="bbox 52 2532 1116 2616; baseline 0.005 -22"><span class='ocrx_word' id='word_1_195' title='bbox 52 2554 78 2594; x_wconf 84' lang='lat' dir='ltr'><strong>as</strong></span> <span class='ocrx_word' id='word_1_196' title='bbox 96 2533 187 2598; x_wconf 91' lang='lat' dir='ltr'><strong>cuius</strong></span> <span class='ocrx_word' id='word_1_197' title='bbox 210 2534 392 2599; x_wconf 91' lang='lat' dir='ltr'><strong>inmensum</strong></span> <span class='ocrx_word' id='word_1_198' title='bbox 415 2537 448 2598; x_wconf 89' lang='lat' dir='ltr'><strong>et</strong></span> <span class='ocrx_word' id='word_1_199' title='bbox 470 2532 751 2616; x_wconf 90' lang='lat' dir='ltr'><strong>incomprensibile</strong></span> <span class='ocrx_word' id='word_1_200' title='bbox 774 2532 942 2598; x_wconf 83' lang='lat' dir='ltr'><strong>arbitrium</strong></span> <span class='ocrx_word' id='word_1_201' title='bbox 961 2537 1017 2600; x_wconf 89' lang='lat' dir='ltr'><strong>est.</strong></span> <span class='ocrx_word' id='word_1_202' title='bbox 1063 2554 1116 2600; x_wconf 92' lang='lat' dir='ltr'><strong>cu·</strong></span> 
     </span>
     <span class='ocr_line' id='line_1_27' title="bbox 97 2621 1115 2707; baseline 0.002 -21"><span class='ocrx_word' id='word_1_203' title='bbox 97 2622 227 2706; x_wconf 90' lang='lat' dir='ltr'><strong>piditati</strong></span> <span class='ocrx_word' id='word_1_204' title='bbox 248 2622 333 2686; x_wconf 89' lang='lat' dir='ltr'><strong>nihil</strong></span> <span class='ocrx_word' id='word_1_205' title='bbox 355 2621 432 2687; x_wconf 85' lang='lat' dir='ltr'><strong>satis</strong></span> <span class='ocrx_word' id='word_1_206' title='bbox 456 2626 518 2706; x_wconf 89' lang='lat' dir='ltr'><strong>est,</strong></span> <span class='ocrx_word' id='word_1_207' title='bbox 544 2625 678 2686; x_wconf 86' lang='lat' dir='ltr'><strong>naturae</strong></span> <span class='ocrx_word' id='word_1_208' title='bbox 701 2621 779 2686; x_wconf 89' lang='lat' dir='ltr'><strong>satis</strong></span> <span class='ocrx_word' id='word_1_209' title='bbox 802 2625 852 2687; x_wconf 91' lang='lat' dir='ltr'><strong>est</strong></span> <span class='ocrx_word' id='word_1_210' title='bbox 874 2623 970 2688; x_wconf 88' lang='lat' dir='ltr'><strong>etiam</strong></span> <span class='ocrx_word' id='word_1_211' title='bbox 993 2645 1115 2707; x_wconf 88' lang='lat' dir='ltr'><strong>parum.</strong></span> 
     </span>
     <span class='ocr_line' id='line_1_28' title="bbox 95 2710 1117 2798; baseline 0 -22"><span class='ocrx_word' id='word_1_212' title='bbox 95 2711 221 2776; x_wconf 88' lang='lat' dir='ltr'><strong>nullum</strong></span> <span class='ocrx_word' id='word_1_213' title='bbox 263 2732 340 2796; x_wconf 84' lang='lat' dir='ltr'><strong>ergo</strong></span> <span class='ocrx_word' id='word_1_214' title='bbox 382 2714 553 2795; x_wconf 86' lang='lat' dir='ltr'><strong>paupertas</strong></span> <span class='ocrx_word' id='word_1_215' title='bbox 591 2710 693 2775; x_wconf 84' lang='lat' dir='ltr'><strong>exulis</strong></span> <span class='ocrx_word' id='word_1_216' title='bbox 729 2711 970 2777; x_wconf 90' lang='lat' dir='ltr'><strong>incommodum</strong></span> <span class='ocrx_word' id='word_1_217' title='bbox 1006 2712 1117 2798; x_wconf 83' lang='lat' dir='ltr'><strong>habet3</strong></span> 
     </span>
     <span class='ocr_line' id='line_1_29' title="bbox 95 2800 1115 2884; baseline 0.001 -19"><span class='ocrx_word' id='word_1_218' title='bbox 95 2801 222 2865; x_wconf 90' lang='lat' dir='ltr'><strong>nullum</strong></span> <span class='ocrx_word' id='word_1_219' title='bbox 246 2800 331 2865; x_wconf 92' lang='lat' dir='ltr'><strong>enim</strong></span> <span class='ocrx_word' id='word_1_220' title='bbox 353 2803 420 2864; x_wconf 90' lang='lat' dir='ltr'><strong>tam</strong></span> <span class='ocrx_word' id='word_1_221' title='bbox 443 2801 537 2883; x_wconf 90' lang='lat' dir='ltr'><strong>inops</strong></span> <span class='ocrx_word' id='word_1_222' title='bbox 561 2800 693 2864; x_wconf 83' lang='lat' dir='ltr'><strong>exilium</strong></span> <span class='ocrx_word' id='word_1_223' title='bbox 717 2803 779 2884; x_wconf 88' lang='lat' dir='ltr'><strong>est,</strong></span> <span class='ocrx_word' id='word_1_224' title='bbox 802 2801 889 2884; x_wconf 89' lang='lat' dir='ltr'><strong>quod</strong></span> <span class='ocrx_word' id='word_1_225' title='bbox 911 2824 979 2866; x_wconf 87' lang='lat' dir='ltr'><strong>non</strong></span> <span class='ocrx_word' id='word_1_226' title='bbox 1001 2801 1115 2867; x_wconf 86' lang='lat' dir='ltr'><strong>alendo</strong></span> 
     </span>
     <span class='ocr_line' id='line_1_30' title="bbox 95 2887 571 2955; baseline -0.006 0"><span class='ocrx_word' id='word_1_227' title='bbox 95 2888 221 2955; x_wconf 88' lang='lat' dir='ltr'><strong>homini</strong></span> <span class='ocrx_word' id='word_1_228' title='bbox 244 2889 370 2954; x_wconf 87' lang='lat' dir='ltr'><strong>abunde</strong></span> <span class='ocrx_word' id='word_1_229' title='bbox 392 2888 498 2953; x_wconf 88' lang='lat' dir='ltr'><strong>fertile</strong></span> <span class='ocrx_word' id='word_1_230' title='bbox 521 2887 571 2953; x_wconf 91' lang='lat' dir='ltr'><strong>sit.</strong></span> 
     </span>
    </p>
   </div>
   <div class='ocr_carea' id='block_1_3' title="bbox 96 3188 1144 3693">
    <p class='ocr_par' dir='ltr' id='par_1_8' title="bbox 96 3188 1144 3693">
     <span class='ocr_line' id='line_1_31' title="bbox 186 3188 1115 3262; baseline 0.002 -17"><span class='ocrx_word' id='word_1_231' title='bbox 186 3191 204 3245; x_wconf 85' lang='grc'>9</span> <span class='ocrx_word' id='word_1_232' title='bbox 223 3190 407 3260; x_wconf 84' lang='lat' dir='ltr'><strong>exsorpsisset</strong></span> <span class='ocrx_word' id='word_1_233' title='bbox 420 3191 448 3244; x_wconf 98' lang='lat' dir='ltr'><strong><em>A</em></strong></span> <span class='ocrx_word' id='word_1_234' title='bbox 466 3193 496 3260; x_wconf 85' lang='lat' dir='ltr'><strong>(p</strong></span> <span class='ocrx_word' id='word_1_235' title='bbox 514 3207 535 3245; x_wconf 79' lang='lat' dir='ltr'><strong>a.</strong></span> <span class='ocrx_word' id='word_1_236' title='bbox 549 3208 574 3246; x_wconf 83' lang='lat' dir='ltr'><strong>c.</strong></span> <span class='ocrx_word' id='word_1_237' title='bbox 590 3191 654 3246; x_wconf 82' lang='lat' dir='ltr'><strong>add.</strong></span> <span class='ocrx_word' id='word_1_238' title='bbox 668 3192 733 3258; x_wconf 78' lang='lat' dir='ltr'><strong>fort.</strong></span> <span class='ocrx_word' id='word_1_239' title='bbox 747 3208 782 3245; x_wconf 85' lang='lat' dir='ltr'><strong>m.</strong></span> <span class='ocrx_word' id='word_1_240' title='bbox 797 3192 823 3259; x_wconf 87' lang='lat'><strong>1)</strong></span> <span class='ocrx_word' id='word_1_241' title='bbox 841 3189 851 3262; x_wconf 71' lang='lat' dir='ltr'><strong>ll</strong></span> <span class='ocrx_word' id='word_1_242' title='bbox 869 3188 904 3244; x_wconf 79' lang='lat'><strong>12</strong></span> <span class='ocrx_word' id='word_1_243' title='bbox 918 3196 943 3245; x_wconf 81' lang='lat' dir='ltr'><strong>et</strong></span> <span class='ocrx_word' id='word_1_244' title='bbox 956 3189 992 3244; x_wconf 78' lang='lat'><strong>13</strong></span> <span class='ocrx_word' id='word_1_245' title='bbox 1010 3191 1115 3247; x_wconf 88' lang='lat' dir='ltr'><strong>centies</strong></span> 
     </span>
     <span class='ocr_line' id='line_1_32' title="bbox 97 3261 1116 3358; baseline -0.002 -38"><span class='ocrx_word' id='word_1_246' title='bbox 97 3265 125 3320; x_wconf 97' lang='lat' dir='ltr'><strong><em>A</em></strong></span> <span class='ocrx_word' id='word_1_247' title='bbox 142 3263 152 3337; x_wconf 72' lang='lat' dir='ltr'><strong>ll</strong></span> <span class='ocrx_word' id='word_1_248' title='bbox 171 3262 207 3317; x_wconf 80' lang='lat'><strong>14</strong></span> <span class='ocrx_word' id='word_1_249' title='bbox 220 3264 231 3317; x_wconf 91' lang='lat' dir='ltr'><strong>i</strong></span> <span class='ocrx_word' id='word_1_250' title='bbox 245 3279 320 3316; x_wconf 90' lang='lat' dir='ltr'><strong>nunc</strong></span> <span class='ocrx_word' id='word_1_251' title='bbox 334 3263 489 3318; x_wconf 74' lang='lat' dir='ltr'><strong>Pincianus</strong></span> <span class='ocrx_word' id='word_1_252' title='bbox 507 3262 594 3315; x_wconf 89' lang='lat' dir='ltr'><strong>inuno</strong></span> <span class='ocrx_word' id='word_1_253' title='bbox 608 3263 636 3317; x_wconf 95' lang='lat' dir='ltr'><strong><em>A</em></strong></span> <span class='ocrx_word' id='word_1_254' title='bbox 649 3261 659 3334; x_wconf 71' lang='lat' dir='ltr'><strong>ll</strong></span> <span class='ocrx_word' id='word_1_255' title='bbox 677 3261 713 3316; x_wconf 77' lang='lat'><strong>28</strong></span> <span class='ocrx_word' id='word_1_256' title='bbox 727 3261 841 3316; x_wconf 78' lang='lat' dir='ltr'><strong>exilium</strong></span> <span class='ocrx_word' id='word_1_257' title='bbox 854 3262 923 3332; x_wconf 74' lang='lat' dir='ltr'><strong>volp.</strong></span> <span class='ocrx_word' id='word_1_258' title='bbox 939 3261 1055 3316; x_wconf 84' lang='lat' dir='ltr'><strong>exitium</strong></span> <span class='ocrx_word' id='word_1_259' title='bbox 1065 3264 1093 3318; x_wconf 88' lang='lat' dir='ltr'><strong><em>A</em></strong></span> <span class='ocrx_word' id='word_1_260' title='bbox 1105 3262 1116 3358; x_wconf 64' lang='lat' dir='ltr'>u</span> 
     </span>
     <span class='ocr_line' id='line_1_33' title="bbox 96 3333 1105 3390; baseline 0.001 -1"><span class='ocrx_word' id='word_1_261' title='bbox 96 3335 132 3390; x_wconf 73' lang='lat'><strong>29</strong></span> <span class='ocrx_word' id='word_1_262' title='bbox 157 3334 250 3389; x_wconf 86' lang='lat' dir='ltr'><strong>fertile</strong></span> <span class='ocrx_word' id='word_1_263' title='bbox 274 3335 318 3388; x_wconf 89' lang='lat' dir='ltr'><strong>sit.</strong></span> <span class='ocrx_word' id='word_1_264' title='bbox 355 3334 403 3387; x_wconf 75' lang='lat' dir='ltr'><strong>‘At</strong></span> <span class='ocrx_word' id='word_1_265' title='bbox 420 3335 525 3387; x_wconf 88' lang='lat' dir='ltr'><strong>vestem</strong></span> <span class='ocrx_word' id='word_1_266' title='bbox 549 3349 583 3386; x_wconf 86' lang='lat' dir='ltr'><strong>ac</strong></span> <span class='ocrx_word' id='word_1_267' title='bbox 605 3334 719 3387; x_wconf 89' lang='lat' dir='ltr'><strong>domum</strong></span> <span class='ocrx_word' id='word_1_268' title='bbox 743 3333 953 3387; x_wconf 84' lang='lat' dir='ltr'><strong>desideraturus</strong></span> <span class='ocrx_word' id='word_1_269' title='bbox 972 3335 1015 3388; x_wconf 89' lang='lat' dir='ltr'><strong>est</strong></span> <span class='ocrx_word' id='word_1_270' title='bbox 1033 3333 1105 3390; x_wconf 86' lang='lat' dir='ltr'><strong>exul.</strong></span> 
     </span>
     <span class='ocr_line' id='line_1_34' title="bbox 99 3403 1115 3474; baseline 0.001 -14"><span class='ocrx_word' id='word_1_271' title='bbox 99 3407 181 3461; x_wconf 79' lang='lat' dir='ltr'><strong>Gertz</strong></span> <span class='ocrx_word' id='word_1_272' title='bbox 204 3405 296 3460; x_wconf 82' lang='lat' dir='ltr'><strong>fertile</strong></span> <span class='ocrx_word' id='word_1_273' title='bbox 315 3405 340 3458; x_wconf 92' lang='lat' dir='ltr'><strong>si</strong></span> <span class='ocrx_word' id='word_1_274' title='bbox 357 3407 416 3459; x_wconf 89' lang='lat' dir='ltr'><strong>tam</strong></span> <span class='ocrx_word' id='word_1_275' title='bbox 432 3405 466 3474; x_wconf 69' lang='grc'><strong>(2)</strong></span> <span class='ocrx_word' id='word_1_276' title='bbox 484 3407 593 3460; x_wconf 90' lang='lat' dir='ltr'><strong>uestem</strong></span> <span class='ocrx_word' id='word_1_277' title='bbox 612 3404 761 3459; x_wconf 87' lang='lat' dir='ltr'><strong>acdomum</strong></span> <span class='ocrx_word' id='word_1_278' title='bbox 780 3403 989 3459; x_wconf 83' lang='lat' dir='ltr'><strong>desideraturus</strong></span> <span class='ocrx_word' id='word_1_279' title='bbox 1008 3408 1051 3460; x_wconf 90' lang='lat' dir='ltr'><strong>est</strong></span> <span class='ocrx_word' id='word_1_280' title='bbox 1069 3423 1115 3461; x_wconf 84' lang='lat' dir='ltr'><strong>ex-</strong></span> 
     </span>
     <span class='ocr_line' id='line_1_35' title="bbox 97 3475 1116 3548; baseline 0.002 -18"><span class='ocrx_word' id='word_1_281' title='bbox 97 3476 142 3530; x_wconf 91' lang='lat' dir='ltr'><strong>sul</strong></span> <span class='ocrx_word' id='word_1_282' title='bbox 155 3477 197 3531; x_wconf 95' lang='lat' dir='ltr'><strong>A¹</strong></span> <span class='ocrx_word' id='word_1_283' title='bbox 214 3476 308 3531; x_wconf 83' lang='lat' dir='ltr'><strong>fertile</strong></span> <span class='ocrx_word' id='word_1_284' title='bbox 327 3476 428 3548; x_wconf 69' lang='lat' dir='ltr'><strong>elissae</strong></span> <span class='ocrx_word' id='word_1_285' title='bbox 445 3479 554 3530; x_wconf 87' lang='lat' dir='ltr'><strong>uestem</strong></span> <span class='ocrx_word' id='word_1_286' title='bbox 571 3476 719 3531; x_wconf 90' lang='lat' dir='ltr'><strong>acdomum</strong></span> <span class='ocrx_word' id='word_1_287' title='bbox 734 3475 943 3530; x_wconf 82' lang='lat' dir='ltr'><strong>desideraturus</strong></span> <span class='ocrx_word' id='word_1_288' title='bbox 958 3479 1008 3532; x_wconf 87' lang='lat' dir='ltr'><strong>est.</strong></span> <span class='ocrx_word' id='word_1_289' title='bbox 1037 3478 1116 3532; x_wconf 84' lang='lat' dir='ltr'><strong>exsul</strong></span> 
     </span>
     <span class='ocr_line' id='line_1_36' title="bbox 97 3548 1144 3603; baseline -0.002 -1"><span class='ocrx_word' id='word_1_290' title='bbox 97 3548 139 3602; x_wconf 68' lang='grc' dir='ltr'><strong>Αὗ</strong></span> <span class='ocrx_word' id='word_1_291' title='bbox 158 3549 202 3602; x_wconf 87' lang='lat' dir='ltr'><strong>An</strong></span> <span class='ocrx_word' id='word_1_292' title='bbox 214 3549 320 3602; x_wconf 84' lang='lat' dir='ltr'><strong>vestem</strong></span> <span class='ocrx_word' id='word_1_293' title='bbox 335 3564 368 3602; x_wconf 92' lang='lat' dir='ltr'><strong>ac</strong></span> <span class='ocrx_word' id='word_1_294' title='bbox 383 3548 496 3602; x_wconf 88' lang='lat' dir='ltr'><strong>domum</strong></span> <span class='ocrx_word' id='word_1_295' title='bbox 511 3548 568 3602; x_wconf 90' lang='lat' dir='ltr'><strong>des.</strong></span> <span class='ocrx_word' id='word_1_296' title='bbox 584 3564 607 3602; x_wconf 90' lang='lat' dir='ltr'><strong>e.</strong></span> <span class='ocrx_word' id='word_1_297' title='bbox 623 3553 665 3602; x_wconf 82' lang='lat' dir='ltr'><strong>e?</strong></span> <span class='ocrx_word' id='word_1_298' title='bbox 679 3548 791 3603; x_wconf 79' lang='lat' dir='ltr'><strong>Fickert</strong></span> <span class='ocrx_word' id='word_1_299' title='bbox 803 3553 832 3602; x_wconf 83' lang='lat' dir='ltr'><strong>et</strong></span> <span class='ocrx_word' id='word_1_300' title='bbox 848 3548 948 3602; x_wconf 74' lang='lat' dir='ltr'><strong>Haase</strong></span> <span class='ocrx_word' id='word_1_301' title='bbox 961 3549 1144 3600; x_wconf 50' lang='lat' dir='ltr'><strong>atzam«</strong></span> 
     </span>
     <span class='ocr_line' id='line_1_37' title="bbox 99 3619 594 3693; baseline 0.006 -19"><span class='ocrx_word' id='word_1_302' title='bbox 99 3621 130 3674; x_wconf 89' lang='lat' dir='ltr'><strong>at</strong></span> <span class='ocrx_word' id='word_1_303' title='bbox 148 3619 261 3673; x_wconf 86' lang='lat' dir='ltr'><strong>domum</strong></span> <span class='ocrx_word' id='word_1_304' title='bbox 281 3619 337 3674; x_wconf 88' lang='lat' dir='ltr'><strong>des.</strong></span> <span class='ocrx_word' id='word_1_305' title='bbox 354 3635 377 3676; x_wconf 94' lang='lat' dir='ltr'><strong>e.</strong></span> <span class='ocrx_word' id='word_1_306' title='bbox 393 3635 416 3674; x_wconf 90' lang='lat' dir='ltr'><strong>e.</strong></span> <span class='ocrx_word' id='word_1_307' title='bbox 434 3620 594 3693; x_wconf 65' lang='lat' dir='ltr'><strong>Heusinger</strong></span> 
     </span>
    </p>
   </div>
   <div class='ocr_carea' id='block_1_4' title="bbox 0 0 1204 3840">
    <p class='ocr_par' dir='ltr' id='par_1_9' title="bbox 0 0 1204 3840">
     <span class='ocr_line' id='line_1_38' title="bbox 0 0 1204 3840; baseline 0 0"><span class='ocrx_word' id='word_1_308' title='bbox 0 0 1204 3840; x_wconf 95' lang='lat' dir='ltr'><strong> </strong></span> 
     </span>
    </p>
   </div>
   <div class='ocr_carea' id='block_1_5' title="bbox 893 3713 955 3767">
    <p class='ocr_par' dir='ltr' id='par_1_10' title="bbox 893 3713 955 3767">
     <span class='ocr_line' id='line_1_39' title="bbox 893 3713 955 3767; baseline -0.048 0"><span class='ocrx_word' id='word_1_309' title='bbox 893 3713 955 3767; x_wconf 57' lang='grc' dir='ltr'><strong>Ὣς*</strong></span> 
     </span>
    </p>
   </div>
  </div>
 </body>
</html>
