2400 3840
281 160 864 230 .DE1RALIB.11.0AP.18.19320
1060 165 1102 230 89

85 307 195 393 frigidi
217 307 358 372 mixtura
375 306 506 372 timidos
525 307 616 372 facit:
640 307 770 393 pigrum
789 311 838 373 est
856 306 941 372 enim
961 311 1102 373 contrac-

86 400 219 480 tumque
241 397 354 484 frigus.
390 397 505 461 volunt
527 396 636 480 itaque
660 396 790 480 quidam
814 418 854 461 ex
877 396 996 462 nostris
1022 397 1137 462 irama

85 485 120 550 in
150 490 281 569 pectore
312 485 435 550 moveri
466 485 691 551 effervescente
727 485 811 550 circa
848 507 903 551 cor
934 486 1101 572 sanguine3

86 596 181 640 causa
212 597 271 641 cur
298 575 353 640 hic
382 573 587 659 potissimum
618 574 804 660 adsignetur
830 574 896 639 irae
922 575 1013 640 locus
1035 598 1103 641 non

54 663 149 728 colia
181 668 243 748 est,
275 685 372 747 quam
406 663 493 747 quod
524 663 559 728 in
594 666 665 728 toto
702 685 835 748 corpore
873 663 1102 729 calidissimum

84 756 197 838 pectus
226 756 283 818 est.
329 751 446 836 quibus
469 752 571 817 umidi
593 753 667 837 plus
690 752 788 835 inest,
814 774 925 817 eorum
946 754 1138 837 paulatim4

87 842 201 907 crescit
227 842 288 925 ira,
316 841 392 924 quia
418 863 485 906 non
509 844 559 906 est
580 845 711 924 paratus
734 841 799 906 illis
824 842 912 907 calor
933 842 990 907 sed
1012 847 1103 908 motu

86 930 277 1013 adquiritur:
313 931 423 1015 itaque
449 952 623 1015 puerorum
649 929 906 1014 feminarumque
927 930 993 995 bae
1016 953 1103 997 acres

40 1132 67 1172 ω
85 1040 188 1174 ἓξὲξ
202 1019 1103 1193 111111ῑὲ111111111ἓί11ᾘίῗὲ

85 1198 295 1278 incremento,
322 1220 389 1262 non
413 1197 552 1262 multum
575 1197 638 1262 sibi
660 1197 813 1281 adiciens,
837 1198 913 1281 quia
934 1197 1104 1263 inclinatu·

84 1311 157 1352 rum
177 1289 315 1353 calorem
329 1287 432 1373 frigus
446 1286 640 1370 insequitur:
663 1309 753 1352 senes
768 1287 916 1352 difficiles
931 1291 963 1352 et
977 1285 1104 1371 queruli

86 1380 174 1460 sunt,
196 1381 234 1442 ut
257 1376 344 1463 aegri
367 1379 400 1440 et
420 1377 677 1442 convalescentes
696 1380 729 1440 et
747 1397 884 1460 quorum
903 1379 960 1441 aut
977 1376 1104 1441 lassitu-

86 1466 159 1530 dine
187 1469 243 1530 aut
270 1466 466 1530 detractione
489 1465 654 1551 sanguinis
678 1467 851 1530 exhaustus
875 1468 924 1531 est
947 1467 1047 1549 calor3
1069 1464 1138 1528 ino

40 1575 66 1617 ra
86 1555 196 1620 eadem
229 1575 324 1619 causa
354 1557 430 1618 sunt
459 1553 514 1619 siti
541 1555 690 1638 fameque
719 1554 821 1620 tabidi
848 1558 881 1619 et
908 1554 1024 1638 quibus
1052 1576 1104 1618 ex·

86 1664 206 1728 sangue
230 1664 346 1727 corpus
370 1646 419 1707 est
441 1642 644 1728 maligneque
666 1643 764 1708 alitur
786 1646 818 1707 et
841 1643 956 1708 deficit.
992 1643 1103 1708 vinum

86 1731 229 1795 incendit
251 1731 329 1813 iras,
351 1731 427 1814 quia
448 1731 586 1795 calorem
605 1735 715 1816 auget3
737 1753 797 1816 pro
816 1730 971 1815 cuiusque
988 1735 1104 1796 natura

88 1819 218 1903 quidam
247 1819 326 1883 ebrii
353 1819 576 1903 effervescunt,
599 1819 729 1903 quidam
756 1819 864 1885 saucii.
910 1842 1014 1903 neque
1037 1821 1104 1883 ulla

87 1908 150 1972 alia
182 1928 277 1973 causa
309 1912 371 1989 est,
403 1928 460 1973 cur
485 1907 721 1972 iracundissimi
747 1908 812 1973 sint
838 1908 914 1972 flavi
941 1908 1104 1972 rubentes-

41 2018 68 2059 ao
88 2018 163 2080 que,
187 1996 303 2080 quibus
331 1996 405 2061 talis
432 1999 548 2061 natura
570 1997 659 2061 color
681 2001 744 2080 est,
771 1997 874 2080 qualis
897 1995 968 2061 fieri
992 1996 1104 2061 ceteris

86 2086 170 2150 inter
191 2087 273 2150 iram
300 2087 396 2170 solet3
422 2085 552 2150 mobilis
585 2085 670 2150 enim
701 2085 766 2150 illis
799 2085 1003 2171 agitatusque
1034 2106 1104 2150 san-

133 2174 140 2188 ’
181 2178 238 2240 est.

85 2195 158 2261 gum
174 2263 244 2328 XX.
269 2261 333 2328 Sed
352 2263 622 2346 quemadmodum
640 2267 757 2328 natura
770 2263 926 2348 quosdam
945 2262 1102 2349 proclives
1123 2278 1137 2327 1

85 2353 120 2417 in
149 2353 228 2417 iram
259 2353 352 2437 facit,
380 2353 427 2418 ita
449 2353 570 2418 multae
593 2352 740 2418 incidunt
762 2373 891 2436 causae,
914 2373 995 2437 quac
1017 2352 1103 2419 idem

40 2461 67 2502 ao
86 2441 212 2525 possint
231 2441 317 2524 quod
334 2445 462 2506 natura:
486 2441 567 2506 alios
585 2441 717 2506 morbus
732 2445 789 2507 aut
801 2441 918 2507 iniuria
931 2463 1103 2526 corporum

85 2530 121 2593 in
151 2530 214 2594 hoc
244 2530 409 2615 perduxit,
440 2529 520 2596 alios
549 2531 643 2596 labor
672 2534 728 2596 aut
755 2530 908 2596 continua
934 2531 1104 2616 pervigilia

85 2622 261 2702 noctesque
291 2619 447 2685 sollicitae
477 2625 510 2684 et
540 2619 695 2685 desideria
722 2641 923 2704 amoresque3
948 2618 1104 2704 quidquid

86 2708 174 2773 aliud
204 2711 260 2773 aut
290 2709 417 2792 corpori
443 2708 555 2774 nocuit
582 2712 638 2774 aut
664 2708 787 2793 animo,
809 2731 939 2795 aegram
961 2712 1103 2774 mentem

86 2798 120 2862 in
152 2797 310 2881 querellas
341 2799 442 2882 parat.
492 2798 548 2862 sed
577 2797 685 2863 omnia
714 2797 777 2863 ista
805 2797 898 2864 initia
927 2814 1137 2881 causaequea

175 2954 191 3007 l
210 2951 281 3009 facit
298 2955 379 3009 smnio
396 2955 510 3010 aercae
523 2955 618 3022 Gema,
636 2957 669 3009 ia
686 2953 773 3010 faciet
791 2957 908 3011 mutavit
921 2956 1082 3025 Wesenberg
1094 2955 1104 3026 ll

85 3024 104 3078 3
114 3032 178 3093 post
190 3027 303 3093 pectore
315 3042 406 3094 parva
418 3043 520 3082 rasura
532 3028 564 3110 ia
575 3028 604 3110 A
616 3033 655 3082 eat
666 3025 760 3152 [effer
772 3028 900 3082 uescenti
908 3029 937 3082 A
949 3026 959 3100 ll
972 3027 990 3081 9
1004 3041 1104 3096 graue-

86 3098 152 3150 sunt
165 3096 216 3163 Al,
234 3114 302 3151 corr.
317 3115 352 3152 m.
366 3114 418 3152 ree.
436 3097 447 3169 ll
464 3097 500 3153 10
518 3114 600 3152 arceis
618 3099 666 3181 qia
679 3096 743 3182 rbus
757 3098 911 3182 ALoqty„
926 3098 998 3182 qaod
1010 3114 1104 3152 oerum

85 3168 718 3312 titusttsetttsllisltsl1til
730 3170 974 3295 sicimis·
985 3167 1104 3292 istil

85 3311 147 3363 tum
165 3312 193 3364 A
216 3310 264 3364 sed
281 3327 368 3380 cupra
390 3312 421 3364 at
441 3311 550 3380 aliquid
567 3328 675 3366 aarum
693 3317 745 3379 eat,
763 3313 822 3366 atae
841 3311 924 3365 dubio
941 3311 1014 3364 illud
1035 3327 1069 3362 nr
1093 3308 1104 3381 ΙΙ

85 3379 122 3435 lb
143 3380 237 3435 tabidi
261 3382 342 3437 Gertz
367 3381 461 3436 rabidi
481 3385 509 3437 A
534 3381 544 3455 ll
570 3383 604 3436 17
625 3384 723 3451 auget3
745 3399 797 3451 pro
816 3397 839 3436 c.
854 3400 880 3436 n.
899 3383 999 3448 interp.
1021 3380 1109 3434 Gesta

86 3454 173 3521 auget
194 3469 246 3520 pro
270 3469 292 3506 c.
312 3471 338 3506 n.
358 3473 369 3519 ;
386 3454 415 3507 A
433 3459 459 3508 et
475 3455 544 3523 only.
569 3453 580 3526 ΙΙ
605 3452 643 3508 25
668 3453 784 3508 incuria
807 3458 890 3522 optat
910 3453 967 3505 W.
979 3447 1098 3502 (tcmsbb
1111 3443 1144 3505 b

85 3523 122 3577 26
140 3521 222 3577 labor
240 3529 291 3579 aut
304 3523 346 3578 A⁶
361 3523 374 3596 ll
390 3523 425 3580 27
445 3525 474 3579 et
492 3523 637 3596 quidquid
652 3526 681 3582 L
701 3533 727 3583 et
745 3526 812 3596 coto
