2400 3840
97 187 162 252 174
275 183 321 246 ¹L.
335 181 478 239 ANNAEI
495 181 660 238 SENECAE
678 181 774 239 DlAL.
788 181 856 238 LIB.
870 179 917 237 VI.
967 236 973 243 ,

96 328 199 415 magis
233 328 359 413 placeat
390 349 487 412 quam
520 328 607 412 quod
643 328 796 393 amissum
833 331 894 393 est:
936 325 1113 411 iniquiores

96 438 207 483 sumus
238 417 390 483 adversus
420 417 534 483 relicta
564 420 748 501 ereptorum
779 416 944 482 desiderio.
997 417 1053 482 sed
1085 416 1114 482 si

96 506 264 572 aestimare
295 505 448 590 volueris,
481 528 579 590 quam
609 506 702 572 valde
738 505 799 571 tibi
834 505 979 588 fortuna,
1014 505 1114 572 etiam

96 616 169 661 cum
199 594 347 678 saeviret,
376 594 569 679 pepercerit,
598 595 678 660 scies
708 598 741 659 te
769 593 888 660 habere
917 596 1114 680 plusquam

95 684 227 750 solacia:
262 684 385 770 respice
417 687 468 749 tot
498 687 646 768 nepotes,
682 684 761 749 duas
795 683 888 748 filias.
941 684 994 749 dic
1031 684 1113 748 illud
1145 705 1157 746 s

95 795 237 858 quoque,
259 772 392 839 Marcia:
422 773 596 857 ‘moverer,
618 773 646 838 si
669 777 753 839 esset
771 773 887 857 cuique
904 771 1036 837 fortuna
1052 795 1112 857 pro

94 863 238 928 moribus
268 866 302 928 et
329 883 506 946 numquam
534 863 619 927 mala
645 861 748 927 bonos
772 865 993 947 sequerentur:
1026 884 1113 928 nunc

94 952 187 1017 video
218 955 367 1036 exempto
398 951 581 1017 discrimine
611 951 723 1017 eodem
751 951 847 1017 modo
871 951 972 1016 malos
996 950 1113 1016 bonos·

95 1064 157 1125 que
180 1041 313 1107 iactari?

61 1147 75 1196 1
183 1128 286 1195 XVII.
324 1127 441 1196 ‘Grave
474 1134 523 1195 est
553 1132 676 1212 tamen,
708 1150 805 1211 quem
836 1128 1034 1212 educaveris,
1065 1128 1158 1193 iu-1o

95 1241 224 1303 venem,
260 1219 324 1283 iam
361 1219 457 1284 matri
492 1219 558 1283 iam
593 1217 679 1302 patri
709 1217 904 1302 praesidium
937 1239 974 1283 ac
1006 1217 1113 1302 decus,

95 1307 263 1372 amittere?
310 1307 381 1392 quis
404 1312 503 1394 negat
525 1329 621 1393 grave
645 1306 735 1372 esse?
775 1307 831 1372 sed
853 1306 1032 1371 humanum
1055 1310 1113 1372 est.

95 1397 135 1461 ad
157 1398 220 1460 hoo
243 1396 370 1482 genitus
394 1418 443 1482 es,
463 1401 502 1462 ut
518 1396 681 1480 perderes,
698 1399 736 1460 ut
753 1395 887 1480 perires,
904 1400 942 1461 ut
960 1416 1113 1480 sperares,

95 1488 268 1568 metueres,
297 1485 377 1550 alios
407 1489 504 1570 teque
530 1485 740 1569 inquietarer,
767 1487 905 1550 mortem
928 1488 961 1549 et
982 1485 1112 1550 timeres

95 1577 128 1638 et
157 1577 285 1657 optares
315 1578 361 1658 et,
390 1575 477 1658 quod
507 1579 556 1641 est
584 1574 775 1658 pessimum,
800 1595 977 1656 numquam
1006 1573 1113 1657 scires,
1132 1597 1158 1638 ιε

60 1661 185 1728 rcuius
216 1683 300 1728 esses
331 1667 442 1730 status.
488 1663 611 1748 siquis
635 1661 809 1746 Syracusas
832 1663 956 1746 petenti
979 1663 1112 1728 diceret:

96 1751 221 1816 ‘omnia
256 1751 474 1837 incommoda,
506 1773 617 1818 omnes
649 1753 832 1836 voluptates
864 1752 992 1817 futurae
1024 1774 1113 1837 pere-

95 1841 285 1928 grinationis
321 1845 396 1907 tuae
433 1845 507 1909 ante
543 1862 714 1927 cognosce,
755 1840 869 1906 deinde
904 1841 951 1906 ita
986 1841 1111 1928 naviga.

94 1931 174 1996 haec
197 1935 287 2015 sunt,
314 1954 395 2015 quae
418 1931 529 1997 mirari
551 1931 669 2017 possis:
698 1929 821 1995 videbis
844 1928 984 2014 primum
1007 1929 1112 2015 ipsam

94 2021 233 2086 insulam
265 2020 304 2085 ab
336 2018 431 2086 Italia
462 2024 600 2107 angusto
636 2019 854 2085 interscissam
884 2018 983 2103 freto,
1015 2039 1111 2102 quam
1131 2042 1158 2083 ao

96 2110 274 2175 continenti
306 2111 468 2193 quondam
500 2109 680 2176 cohaesisse
712 2112 852 2192 constat3
883 2108 1027 2175 subitum
1053 2108 1111 2173 illo

95 2219 182 2262 mare
205 2198 328 2283 inrupit
351 2203 383 2265 et

345 2302 512 2372 Hesperium
532 2300 626 2356 Siculo
644 2300 719 2355 latus
739 2300 869 2356 abscidit.

95 2409 208 2475 deinde
227 2410 350 2476 videbis
369 2409 494 2498 (licebit
512 2411 597 2476 enim
613 2410 673 2475 tibi
688 2410 908 2476 avidissimum
928 2410 1024 2476 maris
1043 2433 1112 2476 ver-

95 2499 191 2564 ticem
210 2498 438 2588 perstringere)
457 2504 590 2566 stratam
608 2500 698 2565 illam
715 2499 896 2565 fabulosam
918 2498 1111 2584 Charybdin,
1131 2522 1157 2563 ar

96 2609 192 2672 quam
216 2589 271 2653 diu
293 2589 334 2653 ab
357 2593 466 2655 austro
489 2592 597 2674 vacat,
622 2593 670 2672 at,
695 2589 723 2653 si
746 2589 823 2674 quid
846 2589 920 2654 inde
943 2589 1112 2655 vehemen-

95 2677 160 2742 tius
190 2677 338 2760 spiravit,
366 2700 486 2765 magno
514 2678 606 2743 hiatu
635 2679 860 2762 profundoque
889 2678 1019 2765 navigia
1045 2699 1112 2744 sor·

60 2766 233 2831 ebenum.
287 2766 409 2832 videbis
444 2767 730 2834 celebratissimum
762 2767 956 2833 carminibus
987 2767 1112 2832 fontem

95 2854 303 2942 Arethusam,
333 2856 519 2923 nitidissimi
550 2878 587 2922 ac
616 2856 772 2941 perlucidi
802 2856 841 2921 ad
870 2857 972 2922 imum
996 2857 1114 2943 stagni,

186 3011 222 3068 23
241 3015 318 3085 Vcrp.
332 3015 403 3070 Aca.
417 3015 473 3069 111
488 3019 543 3070 418

185 3121 201 3175 1
220 3120 368 3190 iniquioris
382 3121 410 3176 A
427 3120 437 3194 11
454 3121 473 3176 2
492 3121 632 3177 desideria
648 3122 712 3177 AF
726 3121 737 3194 ll
754 3119 773 3176 4
790 3120 910 3175 saeviret
928 3123 1026 3176 Haase
1043 3137 1078 3176 es
1095 3133 1113 3174 s

95 3192 228 3251 saeuierit
248 3195 277 3249 A
298 3192 308 3266 Η
333 3192 369 3247 le
391 3205 497 3248 essess
519 3194 621 3248 esseA
644 3192 655 3266 11
679 3192 714 3248 1v
731 3192 968 3263 peregrinationis
985 3194 1014 3248 A
1039 3191 1112 3262 (onis

94 3283 116 3320 e.
130 3285 155 3323 o.
170 3265 234 3321 odd.
249 3281 322 3321 moa.
337 3266 365 3334 2)
389 3263 400 3337 ΙΙ
424 3264 459 3319 1e
481 3264 573 3333 possis
591 3265 659 3334 oolp.
680 3264 771 3333 possit
788 3281 855 3320 corr.
870 3266 903 3319 ia
920 3265 990 3318 -sint
1007 3264 1085 3318 A¹·¹
1102 3263 1114 3336 Η

94 3337 130 3392 20
149 3336 298 3392 ambitalia
316 3337 355 3407 (m
368 3337 482 3405 peractis
499 3337 606 3406 notata)
620 3337 648 3391 A
665 3334 676 3408 Η
694 3335 731 3389 25
747 3336 937 3407 perstringere
955 3336 1113 3390 Pincianus

94 3410 264 3477 restringere
286 3408 314 3462 A
343 3407 346 3480 1
378 3406 507 3462 charibdi
532 3423 644 3476 aquam.
679 3407 729 3460 diu
751 3406 885 3462 abaustro
907 3409 993 3460 uacat
1016 3408 1047 3460 at
1070 3405 1113 3460 A¹

91 3481 203 3543 (ultima
221 3480 437 3536 acroamata
453 3481 565 3535 necato.
594 3481 625 3533 at
642 3497 678 3535 m.
694 3479 722 3549 5)
745 3495 813 3534 corr.
833 3480 1006 3549 Bosporum
1029 3475 1113 3548 (Cha-

72 3546 183 3610 rybdin
201 3551 336 3624 hapsus)
