2400 3840
93 229 158 295 368
280 226 310 281 L.
325 223 467 280 ANNAEI
485 222 650 279 SENECAE
668 222 764 280 DIAL
778 221 846 278 LIB.
860 221 919 277 XII.

93 372 135 437 sit
157 371 278 458 cogitra
305 370 486 455 intelleges,
514 369 723 454 quantumst
723 367 773 434 ius
797 366 967 433 slttetilli
989 367 1116 433 servari

93 482 189 545 quam
212 459 293 525 mihi
314 458 464 543 impendi.
510 459 659 543 quotiens
682 461 714 522 te
737 457 898 524 inmodica
920 457 969 522 vis
988 456 1114 525 doloris

91 549 245 615 invaserit
274 551 306 614 et
333 547 424 632 sequi
451 569 484 612 se
511 548 648 632 iubebit,
676 550 800 631 patrem
828 546 947 633 cogItal
993 545 1048 611 cui
1076 550 1115 612 tu

93 638 223 723 quidem
249 641 300 702 tot
325 640 458 721 nepotes
485 640 743 721 pronepotesque
766 635 872 701 dando
895 634 1044 720 effecisti,
1071 658 1114 703 ne

91 728 188 793 unica
214 749 311 792 esses:
338 724 571 792 consummatio
594 730 703 791 tamen
725 725 838 790 aetatis
861 727 951 790 actae
972 724 1114 790 feliciter
1144 747 1155 788 ι

91 816 126 880 in
157 820 189 882 tc
220 816 364 882 vertitur.
410 816 468 880 illo
494 816 569 881 vivo
597 815 686 882 nefas
715 818 763 879 est
789 817 837 899 te,
868 813 956 898 quod
981 813 1114 898 vixeris,

92 927 193 990 queri.

58 1027 72 1076 1
181 1010 267 1076 XIX.
312 1010 489 1076 Maximum
515 1011 620 1076 adhuc
643 1010 798 1075 solacium
820 1013 913 1074 tuum
937 1013 1115 1094 tacueram,

90 1123 234 1167 sororem
257 1104 361 1185 tuam,
382 1100 464 1165 illud
485 1099 710 1165 fidelissimum
731 1099 792 1163 tibi
814 1102 941 1183 pectus,
964 1099 999 1162 In
1023 1097 1114 1183 quod

92 1211 202 1256 omnes
235 1211 329 1256 curae
360 1193 434 1254 tuae
466 1211 526 1273 pro
557 1187 695 1254 indiviso
727 1188 980 1271 transferumtur,
1015 1187 1113 1254 illum
1132 1211 1156 1251 ιι

91 1281 235 1344 animum
258 1279 407 1344 omnibus
429 1279 524 1343 nobis
547 1280 736 1341 maternum.
782 1299 856 1343 cum
878 1277 940 1342 hac
962 1280 999 1341 tu
1017 1277 1114 1343 lacri-

91 1391 159 1434 mas
187 1372 259 1433 tuas
286 1368 458 1450 miscuisti,
485 1367 530 1437 in,
546 1365 642 1431 huius
669 1366 811 1450 primum
838 1365 1004 1450 respirasti
1028 1365 1114 1432 sinu.

56 1459 148 1524 ailla
181 1457 310 1541 quidem
342 1455 485 1520 adfectus
517 1458 591 1520 tuos
624 1477 749 1540 semper
781 1455 939 1539 sequitur,
970 1455 1006 1518 in
1038 1477 1114 1520 mea

90 1549 200 1610 tamen
221 1566 359 1629 persona
380 1566 447 1610 non
469 1547 596 1609 tantum
618 1566 679 1629 pro
701 1548 734 1610 te
757 1544 852 1610 dolet.
898 1544 985 1608 illius
1009 1545 1114 1609 mani·

90 1634 151 1701 bus
187 1635 222 1698 in
252 1633 363 1700 urbem
396 1634 539 1718 perlatus
572 1655 658 1718 sum,
692 1633 780 1698 illius
812 1633 868 1718 pio
900 1636 1113 1717 maternoque
1132 1654 1156 1695 ιι

90 1723 230 1789 nutricio
258 1745 316 1806 per
342 1724 476 1810 longum
505 1727 632 1807 tempus
660 1744 754 1810 aeger
777 1723 941 1806 convalui3
967 1721 1025 1787 illa
1049 1744 1113 1807 pro

92 1815 263 1897 quaestura
285 1834 357 1878 mea
379 1813 516 1898 gratiam
539 1834 630 1878 suam
653 1811 796 1877 extendit
819 1815 865 1895 et,
888 1832 969 1895 quae
986 1832 1027 1876 ne
1047 1833 1113 1876 scr-

91 1901 197 1967 monis
227 1901 357 1986 quidem
388 1905 443 1967 aut
472 1903 577 1967 clarae
607 1901 809 1965 salutationis
838 1900 992 1965 sustinuii
1014 1900 1113 1966 auda·

91 1992 186 2075 ciam,
209 2012 268 2077 pro
292 2012 345 2055 me
367 1992 446 2056 vicit
463 1990 664 2076 indulgentia
681 1989 914 2055 verecundiam.
959 1989 1044 2053 nihil
1061 1989 1113 2054 illi

91 2081 258 2146 seductum
287 2081 373 2145 vltae
403 2102 517 2166 genus,
546 2079 631 2143 nihil
656 2078 814 2144 modestia
840 2080 876 2143 in
901 2081 993 2143 tanta
1019 2077 1112 2143 femi·
1130 2099 1157 2140 ao

90 2192 205 2234 narum
232 2169 411 2254 petulantia
437 2169 573 2253 rustica,
598 2169 682 2233 nihil
705 2168 807 2252 quies,
834 2167 919 2232 nihil
941 2167 1055 2232 secreti
1079 2171 1112 2232 et

91 2259 132 2323 ad
162 2258 264 2323 otium
293 2259 427 2342 repositi
454 2279 560 2323 mores
589 2257 796 2341 obstiterunt,
826 2278 890 2340 quo
920 2256 1026 2321 minus
1049 2277 1111 2341 pro

56 2364 143 2413 ame
170 2348 267 2411 etiam
294 2348 465 2413 ambitiosa
491 2347 591 2411 fieret.
635 2346 699 2412 hoc
722 2349 784 2430 est,
811 2349 914 2411 mater
935 2345 1112 2429 carissima,

92 2435 247 2501 solacium
271 2458 335 2519 quo
358 2436 526 2502 reficiarisr
552 2436 603 2500 illi
625 2439 670 2518 te,
694 2438 850 2518 quantum
873 2438 979 2519 potes,
1002 2434 1112 2520 iunge,

91 2525 179 2589 illius
211 2524 379 2590 artissimis
412 2524 612 2609 amplexibus
644 2524 750 2609 alliga.
797 2524 902 2590 solent
931 2527 1110 2589 maerentes
1129 2543 1156 2585 aa

91 2637 142 2698 ea,
166 2635 247 2697 quae
270 2615 408 2679 maxime
432 2614 586 2700 diligunt,
608 2613 720 2698 fugere
744 2616 777 2677 et
798 2613 981 2678 libertatem
1004 2612 1111 2677 dolori

92 2725 151 2769 suo
184 2724 348 2788 quaererer
379 2706 416 2767 tu
447 2702 488 2767 ad
519 2703 609 2780 illam
640 2706 688 2786 te,
719 2701 875 2786 quidquid
907 2702 1111 2788 cogitaveris,

91 2792 215 2876 confer,
238 2792 305 2858 sive
324 2814 448 2857 servare
467 2792 566 2856 istum
583 2791 730 2856 habitum
748 2792 836 2856 voles
855 2791 922 2856 sive
941 2789 1110 2875 deponere,

92 2885 170 2966 aput
193 2883 283 2946 illam
305 2882 448 2946 invenies
472 2881 525 2946 vel
546 2881 644 2946 finem
667 2880 787 2945 doloris
810 2880 859 2944 tui
878 2881 930 2944 vel
949 2880 1109 2945 comitem.

56 2971 147 3036 used
180 2972 207 3036 si
238 2971 441 3056 prudentiam
471 2970 723 3054 perfectissimae
754 2969 892 3050 feminae
919 2969 1010 3052 novi,
1041 2990 1110 3033 non
1129 2989 1156 3029 ao

91 3060 232 3144 patietur
253 3063 286 3126 te
308 3060 392 3125 nihil
413 3059 583 3143 profuturo
610 3080 754 3124 maerore
777 3059 923 3124 consumi
948 3061 981 3122 et
1005 3079 1110 3123 exem-

91 3150 182 3233 plum
199 3149 262 3214 tibi
281 3171 383 3234 suum,
402 3149 493 3215 cuius
512 3170 572 3234 ego
592 3148 689 3212 etiam
707 3151 869 3231 spectator
885 3147 944 3229 fui,
956 3147 1109 3212 narrabit.

92 3239 293 3304 carissimum
319 3239 426 3303 virum
453 3237 615 3318 amiserat,
647 3238 841 3302 avonculum
867 3240 1027 3319 nostrum,
1056 3236 1109 3301 cui

181 3449 314 3505 Stacuer
315 3466 361 3504 am
379 3451 447 3520 culp.
471 3449 698 3520 (plusquamperf.
718 3449 841 3515 defendit
829 3449 895 3506 t.P
914 3448 1031 3503 Τιοιιαε
1048 3446 1109 3500 ιοιι.

79 3522 148 3575 et'al
174 3523 275 3592 VJ17,
290 3526 362 3579 ar
335 3528 362 3579 el
383 3539 425 3594 ep.
446 3525 509 3592 122,
522 3522 566 3593 15)
583 3523 665 3576 taceo
688 3535 737 3574 cra
757 3520 785 3574 A
808 3522 902 3586 taceo
927 3519 1110 3573 materteram

68 3591 160 3647 Gertz
170 3593 190 3666 ff
202 3594 242 3650 21
257 3565 368 3654 iecretc'
380 3595 426 3654 Αὕ
440 3597 489 3671 (ι
477 3615 511 3654 aa
523 3613 583 3654 rua.
596 3593 683 3666 pecu
696 3591 811 3659 maiora
818 3589 883 3660 litt
893 3604 934 3640 uu
930 3606 973 3640 ιιι
948 3605 1007 3639 nuc
982 3588 1064 3638 utum
1075 3589 1110 3640 A⁶
