2400 3840
127 205 193 271 252
324 203 354 256 L.
368 201 511 257 ANNAEI
529 201 693 257 SENECAE
714 201 807 258 DIAL.
821 202 888 259 LIB.
902 200 948 259 IX.

92 365 109 412 4
127 348 254 433 privato
277 347 444 433 publicum
462 348 630 434 negotium
652 349 728 433 agit.
766 372 807 414 an
829 349 884 414 ille
901 349 978 433 plus
997 355 1159 437 praestat,

128 437 184 521 qui
220 437 304 502 inter
334 438 521 523 peregrinos
558 441 591 502 et
627 437 711 502 cives
748 441 805 502 aut
839 438 982 504 urbanus
1019 445 1158 525 praetor

127 527 318 591 adeuntibus
341 527 515 592 adsessoris
534 526 631 591 verba
648 527 850 610 pronuntiat,
875 549 972 611 quam
993 530 1054 611 qui
1075 530 1155 615 quid

128 615 170 681 sit
190 615 327 698 iustitia,
349 616 427 699 quid
449 616 566 700 pietas,
590 615 668 699 quid
690 615 858 699 patientia,
882 615 959 699 quid
978 616 1155 704 fortitudo,

127 704 205 788 quid
222 705 336 770 mortis
355 707 573 789 contemptus,
592 705 670 788 quid
685 705 818 769 deorum
832 705 1031 790 intellectus,
1054 729 1154 792 quam
1180 732 1189 772 r

91 797 233 859 ctutum
252 794 492 879 gratuitumque
511 794 633 858 bonum
653 794 695 859 sit
712 794 798 859 bona
812 794 1033 861 conscientia?
1074 820 1152 885 ergo

126 883 155 948 si
176 886 304 967 tempus
326 884 362 947 in
384 883 491 948 studia
514 882 672 967 conferas,
696 883 783 966 quod
802 883 992 949 subduxeris
1018 885 1153 973 officiis,

124 994 191 1037 non
223 972 398 1038 deserueris
430 993 490 1037 nec
517 992 633 1037 munus
662 972 900 1055 detrectaveris,
930 994 1038 1057 neque
1064 976 1152 1041 enim

125 1062 180 1126 ille
213 1063 300 1128 solus
332 1062 465 1144 militat,
498 1062 555 1144 qui
582 1061 617 1125 in
639 1061 706 1126 acie
730 1065 794 1126 stat
816 1065 849 1126 et
871 1082 973 1126 cornu
996 1062 1152 1131 dextrum

123 1152 313 1234 laevomque
333 1150 486 1233 defendit,
506 1150 561 1214 sed
579 1155 607 1215 et
625 1151 681 1234 qui
699 1154 809 1235 portas
828 1153 937 1215 tuetur
954 1154 988 1215 et
1006 1154 1151 1220 statione
1168 1176 1187 1217 u

125 1241 231 1305 minus
259 1239 454 1324 periculosa,
480 1260 547 1303 non
575 1239 679 1305 otiosa
701 1243 811 1303 tamen
832 1239 981 1325 fungitur
1003 1241 1151 1329 vigilias·

125 1350 187 1413 que
220 1332 324 1393 servat
356 1331 389 1391 et
411 1329 656 1393 armamentario
680 1331 820 1412 praeest:
852 1350 933 1413 quae
956 1328 1151 1417 ministeria,

125 1417 272 1502 quamvis
310 1417 477 1480 incruenta
514 1415 592 1500 sint,
633 1417 668 1481 in
703 1439 873 1482 numerum
910 1417 1150 1502 stipendiorum

90 1506 266 1572 eveniunt.
304 1505 331 1569 si
353 1508 385 1568 te
408 1505 448 1569 ad
472 1505 578 1570 studia
600 1506 814 1589 revocaveris,
838 1529 932 1572 omne
951 1507 1040 1574 vitae
1060 1511 1149 1578 festi·

125 1594 213 1658 dium
244 1593 392 1679 effugeris
423 1615 484 1659 nec
514 1598 643 1660 noctem
674 1596 745 1659 fieri
772 1596 898 1680 optabis
921 1596 1030 1662 taedio
1056 1600 1149 1685 lucis,
1165 1620 1183 1662 a

124 1704 184 1748 neo
210 1683 271 1748 tibi
298 1684 405 1769 gravis
433 1683 495 1748 eris
518 1705 577 1749 nec
605 1684 676 1750 aliis
705 1706 934 1769 supervacuum
960 1687 1089 1756 multos
1116 1691 1149 1754 in

124 1772 298 1838 amicitiam
322 1773 469 1838 adtrahes
493 1773 676 1858 adfluetque
699 1772 740 1837 ad
764 1777 796 1838 te
820 1777 972 1858 optumus
998 1778 1148 1864 quisque.

123 1884 300 1946 numquam
336 1863 422 1927 enim
459 1863 605 1945 quamvis
643 1863 778 1928 obscura
813 1863 916 1928 virtus
951 1863 1049 1950 latet,
1095 1869 1147 1934 sed

122 1951 224 2016 mittit
267 1952 317 2017 sni
358 1953 463 2038 signa:
505 1950 650 2035 quisquis
692 1951 808 2037 dignus
847 1951 957 2036 fuerit,
997 1956 1147 2044 vestigiis

88 2042 213 2106 villam
243 2042 383 2126 colliget.
415 2062 491 2105 nam
526 2042 554 2105 si
591 2062 719 2105 omnem
749 2040 1026 2107 conversationem
1061 2047 1147 2112 tolli·
1162 2066 1182 2105 a

122 2151 194 2195 mus
227 2135 258 2194 et
294 2131 404 2216 generi
439 2130 580 2195 humano
614 2129 834 2195 renuntiamus
868 2131 1079 2215 vivimusque
1115 2137 1148 2201 in

121 2241 181 2284 nos
204 2222 331 2283 tantum
354 2218 513 2301 conversi,
541 2222 693 2303 sequetur
713 2220 798 2284 hanc
821 2219 1030 2285 solitudinem
1057 2226 1148 2291 omni

122 2307 229 2371 studio
259 2311 418 2372 carentem
448 2307 559 2390 inopia
581 2330 687 2372 rernm
711 2307 920 2392 agendarum:
949 2308 1147 2395 incipiemus

122 2395 267 2460 aedificia
294 2397 357 2460 alia
383 2418 515 2480 ponere,
544 2397 607 2461 alia
630 2397 812 2462 subvertere
836 2401 867 2461 et
890 2419 978 2462 mare
1002 2421 1148 2469 summo

121 2506 194 2548 vere
226 2488 259 2549 et
295 2506 393 2567 aquas
429 2488 541 2549 contra
572 2485 796 2550 difficultatem
827 2486 974 2551 locorum
1008 2489 1182 2558 educerer

122 2576 154 2637 et
186 2573 268 2638 male
298 2574 481 2657 dispensare
511 2578 651 2658 tempus,
689 2575 776 2657 quod
802 2575 896 2641 nobis
923 2579 1042 2643 natura
1072 2602 1148 2648 con·

86 2662 312 2727 8sumendum
336 2662 436 2727 dedit:
464 2663 520 2727 alii
546 2685 641 2746 parce
664 2664 721 2728 illo
745 2665 880 2747 utimur,
912 2665 968 2729 alii
991 2671 1146 2758 prodige3

121 2750 176 2814 alii
211 2752 257 2816 sic
293 2750 511 2835 inpendimus,
547 2756 585 2817 ut
615 2753 777 2836 possimus
809 2754 967 2818 rationem
999 2757 1146 2843 reddere,

121 2840 189 2925 alii,
230 2844 267 2904 ut
307 2841 413 2905 nullas
453 2841 628 2907 habeamus
669 2842 835 2926 reliquias,
877 2863 940 2925 qua
979 2866 1017 2910 re
1059 2849 1146 2914 nihil

209 2997 362 3052 larbanos
376 2999 471 3066 pretor
485 2999 512 3053 A
529 2997 539 3070 tl
556 2998 574 3052 3
588 3014 674 3067 quam
688 2999 737 3066 qui
751 2999 819 3067 quid
834 3012 851 3053 ς
868 2985 935 3054 nam
949 3000 1000 3069 qui
1014 3004 1090 3071 quid
1103 3004 1145 3061 A¹

120 3085 188 3125 corr.
202 3071 235 3124 in
252 3086 318 3124 nam
338 3069 473 3138 quicquid
492 3088 525 3124 m.
541 3072 672 3125 recentior
690 3086 776 3139 qnam
790 3071 839 3139 qui
853 3071 949 3138 docet,
965 3073 1038 3140 quid
1052 3076 1144 3133 Erca-

118 3158 180 3266 ts
196 3140 206 3214 ¹¹
228 3141 701 3267 ldldlmlffingilmllltll
719 3141 1144 3274 immorsaqu-

119 3231 257 3352 quanffim
275 3284 400 3354 gratuito
419 3283 523 3338 bonum
543 3230 661 3355 Madiiy
683 3229 820 3354 qngairatum
843 3286 1035 3354 gratuitorum
1053 3236 1144 3346 {capg

118 3372 181 3409 rum
195 3355 233 3409 sit
246 3355 276 3409 in
290 3354 365 3409 bona
375 3355 455 3410 Koch
469 3357 606 3424 quantum
620 3356 744 3425 gratuito
754 3358 902 3411 venturum
916 3355 1023 3412 bonum
1035 3359 1122 3419 Gesta
1134 3360 1145 3436 ΙΙ

118 3425 136 3480 9
155 3431 241 3481 corna
254 3428 283 3481 A
301 3444 369 3483 corr.
383 3427 482 3572 colpp)
504 3426 697 3499 1019u0q3A
717 3429 720 3500 l
739 3428 771 3514 et
789 3429 852 3483 add.
867 3427 970 3555 volup
986 3429 1025 3484 1c
1042 3433 1103 3489 erit
1115 3438 1145 3489 A

109 3513 182 3579 ,eoru
199 3499 267 3568 oolq.
285 3497 299 3571 l}
319 3497 356 3552 22
375 3515 460 3554 eonas
478 3499 492 3572 s
507 3501 585 3570 (eros.
601 3500 624 3569 s)
639 3498 667 3552 A
688 3498 693 3570 l
716 3499 793 3581 omri(
810 3502 888 3569 (eras.
904 3503 928 3571 s)
986 3499 999 3574 ΙΙ
1020 3501 1059 3557 28
1078 3511 1145 3561 aare

100 3569 279 3637 rncrpr'emus
296 3571 382 3630 Gertz
400 3573 464 3629 tum
484 3572 551 3630 odd.
565 3572 615 3628 cicc
632 3585 787 3626 ucemsarco
