2400 3840
93 194 161 261 224
282 192 312 246 L.
327 190 470 246 ANNAEI
487 191 651 247 SENECAE
670 191 765 247 DIAL.
779 191 847 249 LIB.
864 190 921 248 VH.

93 336 173 402 mihi
199 337 276 421 iam,
307 337 394 421 quod
417 340 642 424 argumentum
665 341 714 404 est
735 338 828 421 recti,
855 336 993 424 contigit
1015 339 1115 405 malis

58 425 269 509 sdisplicere.
320 425 389 510 sed,
418 430 456 491 ut
483 427 545 492 tibi
572 426 731 492 rationem
761 427 904 510 reddam,
932 448 996 511 qua
1027 428 1115 493 nulli

93 515 279 580 mortalium
309 515 451 599 invideo,
488 515 563 580 audi
600 515 678 599 quid
709 515 899 600 promittam
931 519 964 581 et
996 519 1114 600 quanti

93 625 238 688 quaeque
261 605 435 670 aestimem.
476 603 604 670 divitias
627 625 710 691 nego
734 605 856 670 bonum
879 625 961 671 esse:
982 627 1063 670 nam
1087 608 1115 672 si

93 697 211 777 essent,
228 693 331 759 bonos
348 693 504 779 facerent3
522 715 622 778 nunc,
640 694 793 778 quoniam
807 694 895 779 quod
912 698 992 778 aput
1008 696 1114 762 melos
1143 713 1153 754 ⁵

93 781 299 866 deprenditur
328 782 391 849 dici
420 783 542 848 bonum
573 805 640 848 non
667 786 787 868 potest,
818 782 881 848 hoc
903 782 969 848 illis
992 805 1114 850 nomen

91 892 183 957 nego.
230 875 371 937 ceterum
401 876 433 937 et
461 872 624 938 habendas
654 893 723 938 esse
753 876 785 937 et
813 872 909 938 utiles
938 876 971 937 et
992 894 1115 960 magna

92 961 262 1026 commoda
283 961 369 1026 vitae
391 960 563 1026 adferentis
587 961 698 1026 fateor.

58 1088 72 1136 1
180 1066 282 1132 XXV.
319 1065 404 1144 Quid
434 1088 511 1153 ergo
542 1068 596 1150 sit,
627 1089 726 1152 quare
754 1066 827 1132 illas
857 1089 924 1132 non
952 1068 988 1132 in
1016 1068 1112 1136 bonis

90 1178 270 1240 numerem,
299 1159 332 1221 et
361 1155 439 1240 quid
466 1159 625 1240 praestem
652 1155 687 1220 in
713 1155 778 1222 illis
806 1157 894 1221 aliud
922 1177 1020 1240 quam
1044 1180 1114 1239 vos,
1130 1177 1154 1217 1⁰

92 1246 244 1329 quoniam
285 1245 369 1309 intm
404 1249 558 1329 utrosque
594 1245 745 1311 convenit
779 1244 957 1329 habendas,
993 1247 1113 1314 audite.

90 1356 176 1418 pone
193 1334 228 1397 in
247 1333 491 1417 opulentissima
506 1356 557 1399 me
572 1334 667 1398 domo
672 1385 681 1418 ,
700 1356 785 1418 pone
799 1356 914 1399 aurum
928 1340 1114 1421 argentum-

91 1444 154 1507 que
183 1422 238 1486 cbc'
263 1422 299 1486 in
325 1423 509 1505 promiscuo
537 1444 598 1488 usu
621 1423 676 1488 sit:
705 1445 773 1488 non
796 1424 969 1508 suspiciam
993 1446 1047 1490 me
1072 1427 1112 1491 ob

90 1511 166 1592 ista,
189 1532 271 1594 quae
294 1511 390 1575 etiam
414 1511 443 1576 si
465 1515 544 1595 aput
561 1534 627 1596 me,
649 1516 739 1578 extra
757 1534 808 1578 me
826 1517 935 1578 tamen
953 1518 1039 1578 sunt.
1078 1514 1113 1580 in

92 1599 262 1665 sublicium
289 1603 422 1684 pontem
449 1623 501 1666 me
528 1601 666 1666 transfer
693 1605 726 1666 et
746 1602 831 1666 inter
853 1605 982 1688 egentes
1006 1603 1113 1670 abice:
1130 1621 1152 1662 rs

90 1709 158 1753 non
175 1688 247 1754 ideo
266 1692 375 1755 tamen
393 1712 445 1755 me
463 1689 649 1774 despiciam,
669 1690 756 1775 quod
773 1690 808 1754 in
825 1690 957 1756 illorum
973 1712 1111 1758 numero

91 1778 276 1862 consedere,
297 1778 354 1863 qui
371 1800 502 1844 manum
521 1779 562 1844 ad
580 1780 696 1862 stipem
715 1779 894 1866 porrigunt.
926 1780 1005 1862 quid
1024 1782 1112 1846 enim

91 1868 131 1932 ad
157 1889 241 1954 rem,
272 1890 314 1932 an
340 1868 480 1933 frustum
507 1868 599 1953 panis
624 1868 718 1952 desit,
749 1868 801 1934 cui
822 1890 890 1934 non
912 1868 1003 1934 deest
1025 1871 1112 1937 mori

90 1956 207 2041 posse?
243 1957 321 2041 quid
342 1979 418 2044 ergo
437 1958 507 2023 est?
543 1958 675 2023 domum
692 1957 782 2022 illam
801 1957 1002 2041 splendidam
1021 1961 1111 2025 malo

55 2065 187 2130 aquam
215 2049 355 2130 pontem.
401 2068 485 2131 pone
507 2048 544 2112 ia
566 2047 787 2112 instrumentis
811 2047 1055 2131 splendentibus
1079 2053 1111 2115 et
1127 2071 1151 2112 rc

91 2135 227 2200 delicato
255 2139 425 2220 apparatu:
451 2135 555 2200 nihilo
578 2158 630 2201 me
652 2135 829 2201 feliciorem
852 2136 992 2219 credam,
1020 2138 1112 2221 quod

88 2222 171 2306 mihi
189 2224 286 2288 molle
305 2224 366 2289 erit
383 2223 572 2308 amiculum,
595 2224 682 2309 quod
703 2246 847 2309 purpura
865 2225 1009 2291 convivis
1027 2227 1111 2292 meis

90 2312 318 2377 substernetur.
360 2316 451 2378 muta
473 2314 617 2398 stragula
638 2335 723 2378 mea:
745 2312 848 2378 nihilo
872 2314 1019 2379 miserius
1044 2337 1110 2400 ero,

90 2400 119 2465 si
148 2401 234 2466 lassa
265 2401 373 2466 cervix
404 2423 475 2466 mea
505 2401 540 2465 in
563 2401 723 2467 maniculo
746 2403 833 2467 faeni
855 2403 1054 2489 adquiescet,
1082 2405 1111 2470 si

90 2510 186 2573 super
218 2487 363 2555 Circense
399 2493 580 2556 tomentum
612 2512 670 2575 per
699 2495 839 2557 sarturas
866 2490 982 2558 veteris
1013 2492 1111 2560 lintei
1127 2515 1151 2557 ss

179 2700 195 2753 1
215 2699 365 2770 contigits
383 2701 523 2785 contingit
536 2706 562 2756 A
579 2700 590 2774 ΙΙ
610 2700 721 2770 dduod
735 2701 802 2756 audi
821 2704 850 2772 (i.
860 2719 881 2758 c.
897 2701 965 2756 audi
998 2703 1069 2774 uod)
1083 2710 1110 2760 A

89 2787 158 2827 corr.
173 2772 241 2841 volp.
264 2770 275 2843 ll
299 2771 388 2826 dhoc
407 2772 464 2826 dici
482 2771 539 2826 dlis
560 2777 586 2827 A
608 2773 656 2827 sed
674 2771 731 2827 dici
748 2774 848 2830 dcboit
864 2791 899 2829 m.
913 2719 999 2845 real
1022 2773 1042 2829 9
1062 2775 1109 2844 sit,

90 2858 177 2911 quara
193 2843 290 2899 Mutet
308 2844 351 2897 est
369 2859 456 2912 quare
475 2849 502 2899 A
525 2845 585 2899 est?
613 2859 701 2912 quare
718 2846 799 2901 mcci
815 2845 875 2900 edd.
899 2844 909 2917 Η
932 2844 967 2899 13
988 2843 1042 2900 ubi
1058 2847 1111 2903 boc

89 2915 146 2970 laco
164 2915 278 2981 addidi5
290 2915 451 2984 plerunque
464 2922 530 2984 post
547 2930 620 2984 pone
638 2915 798 2981 infulciunt.
821 2917 854 2971 ia
869 2921 896 2971 A
913 2932 970 2972 aon
983 2916 1087 2986 ἱερέων
1100 2918 1111 2991 ll

89 2985 124 3041 15
143 2984 235 3042 abiice
250 2985 360 3042 Gronov
379 2986 463 3070 abiga
476 2992 502 3042 A
519 2985 530 3058 ll
549 2986 584 3070 17
603 2987 735 3056 adstipen
748 2992 774 3042 A
791 2986 801 3060 ΙΙ
823 2987 859 3042 20
876 2990 991 3072 ppntsm
1009 2989 1111 3044 Raci-

88 3058 395 3201 Etapllllldd
407 3058 649 3196 &diffluit
668 3059 1112 3200 tiitvtttmiole‘tii'ellf

87 3199 173 3256 nictu.
201 3201 239 3255 sit
256 3201 333 3269 quod
350 3206 377 3256 A
404 3199 550 3271 (aminiclu
572 3202 605 3255 in
625 3217 680 3255 rae.
700 3200 748 3268 A⁶,
767 3201 804 3255 sit
822 3201 916 3257 eadem
933 3218 1007 3257 mart.
1026 3219 1109 3263 reno,-

87 3274 174 3341 oacs't,
193 3289 255 3327 cwm
273 3272 312 3327 sit
329 3278 380 3328 aar
395 3275 459 3341 tort.
479 3272 534 3328 erit
551 3271 591 3327 A¹
612 3273 749 3342 babuerit)
771 3271 782 3345 ΙΙ
805 3272 841 3327 28
864 3271 1064 3329 substernatur
1081 3279 1109 3331 A

87 3360 154 3400 corr.
179 3345 248 3414 colp.
279 3343 282 3416 l
311 3345 391 3398 muta
419 3343 547 3414 stragula
573 3359 637 3398 mea
660 3344 779 3414 Mudce'p
802 3344 926 3400 Ficlccrb'
952 3346 1056 3414 (mutu)
1082 3353 1111 3402 ct

86 3416 235 3484 Apricolue
253 3416 372 3472 maeatae
392 3415 477 3484 (malo
496 3415 653 3484 stragulam
671 3418 773 3485 meam)
791 3431 859 3471 usus
876 3415 981 3470 multas
999 3421 1111 3488 magna

74 3490 144 3540 mea
155 3491 186 3542 A
201 3486 212 3559 l
229 3486 362 3544 miserius
376 3491 404 3545 A
421 3487 477 3545 -ior
494 3488 564 3559 oolp.
588 3486 595 3560 l
615 3485 653 3541 24
668 3485 810 3541 maniculo
824 3492 851 3542 A
868 3487 941 3555 quod
958 3489 1111 3547 romeam

63 3570 124 3610 me
142 3574 203 3614 non
219 3560 303 3632 suffit
323 3563 505 3635 Wdlfflincm
519 3562 564 3620 Ar
600 3558 643 3628 ,ᾗ
653 3559 676 3615 t.
690 3557 727 3614 L.
738 3558 807 3612 ΧΠ
820 3573 850 3626 p.
861 3560 897 3611 ab
