2400 3840
328 166 378 257 du
396 200 461 257 ma
478 201 546 258 um.
560 201 608 257 111.
641 201 718 260 cnr.
733 207 776 259 ee.
790 207 826 261 rc
1024 207 1087 273 147

71 347 291 433 creditumque
314 350 394 432 aput
415 349 586 432 plerosque
608 347 707 412 robur
730 347 830 414 cadat.
866 347 1018 435 indignor
1037 372 1088 416 me

69 437 216 504 hercules
245 440 279 502 et
306 458 373 503 non
402 437 531 502 invenio
560 435 689 502 dolendi
715 436 861 521 modum,
884 438 940 504 sed
962 442 1088 524 tempus

70 526 304 610 expectendum
331 529 393 610 est;
422 526 512 591 dabit
537 547 673 610 poenas3
701 548 793 592 serva
814 527 902 593 istud
924 528 959 593 in
981 529 1088 594 animo

70 619 141 680 tuo:
164 637 238 681 cum
255 615 414 700 potueris,
432 618 469 690 et
482 637 541 699 pro
561 637 652 683 mora
669 614 802 681 reddes?
839 617 995 703 emtigare
1012 639 1088 683 vero

39 705 260 773 sirescentem
287 707 321 769 et
346 704 432 780 ultro
461 704 599 770 obirasci
623 704 756 770 incitare
779 707 841 790 est3
869 707 957 771 varie
979 707 1123 794 adgrea

71 794 168 860 dieris
199 794 394 877 blandeque,
428 793 493 859 nisi
528 793 612 859 forte
646 797 738 861 tauta
773 815 910 877 persona
941 796 1018 880 eris,
1053 799 1091 861 nt

70 883 176 967 possis
213 882 294 948 iram
327 883 557 967 comminuere,
590 882 859 966 quemadmodum
891 883 968 949 fecit
997 884 1090 950 divus

71 970 252 1058 Augustus,
280 993 353 1037 cum
380 975 508 1051 cenaret
532 976 612 1055 aput
633 969 773 1037 Vedium
795 971 984 1037 Pollionem,
1029 973 1090 1039 ire

70 1063 163 1147 gerat
179 1083 262 1126 unus
282 1083 321 1126 ex
339 1060 440 1127 servis
458 1061 526 1127 eius
545 1060 781 1144 crustallinum,
798 1062 870 1148 rapi
886 1084 960 1127 eum
968 1059 1090 1129 Vedius

25 1169 53 1211 ιο
70 1150 166 1216 iussit
182 1172 223 1215 ne
240 1150 368 1236 vulgari
387 1150 517 1234 quidem
535 1171 624 1216 more
639 1150 832 1234 peritumm:
851 1150 991 1217 murenis
1006 1150 1091 1216 obici

71 1240 253 1323 iubebatur,
283 1261 362 1323 quas
392 1239 533 1325 ingentis
563 1239 598 1303 in
626 1239 750 1322 piscina
779 1240 971 1307 continebat.
1017 1239 1089 1323 quis

70 1349 139 1393 non
158 1329 222 1394 hoc
245 1329 338 1395 illum
360 1331 489 1412 putaret
511 1328 657 1395 luxuriae
680 1351 777 1395 causa
794 1328 919 1395 fecere?
958 1329 1091 1395 saevitia

71 1420 146 1483 eret.
193 1418 295 1483 evasit
324 1441 341 1482 e
373 1418 520 1485 manibus
550 1440 631 1502 puer
657 1421 690 1483 et
715 1418 862 1504 confugit
884 1417 925 1483 ad
948 1416 1125 1485 Caesaries

71 1506 167 1590 pedes
190 1507 274 1571 nihil
296 1506 384 1571 aliud
406 1507 579 1591 petiturus,
603 1528 700 1590 quam
718 1511 758 1589 ¹ut
781 1509 874 1573 aliter
896 1508 1029 1592 periret,
1049 1530 1091 1576 ne

26 1614 53 1655 rs
72 1617 144 1661 esca
172 1595 271 1659 fieret.
317 1598 424 1660 motus
455 1600 503 1661 est
528 1596 672 1661 novitate
700 1597 897 1663 crudelitatis
922 1595 1037 1664 Caesar
1059 1600 1092 1663 et

71 1684 165 1749 illum
189 1683 318 1767 quidem
341 1683 440 1767 mitti,
464 1685 650 1749 crustallina
673 1688 780 1750 autem
803 1687 911 1751 omnia
931 1708 1040 1751 coram
1058 1708 1091 1751 se

72 1772 179 1857 frangi
210 1773 306 1838 iussit
336 1772 544 1856 conplerique
575 1773 740 1857 piscinam.
791 1774 855 1839 fuit
887 1772 1014 1840 Caesari
1045 1775 1126 1840 sicr

73 1860 278 1946 castigandus
297 1861 432 1944 amicus3
454 1863 535 1926 benc
553 1883 630 1926 usus
649 1865 697 1925 est
715 1861 837 1926 viribus
857 1863 936 1928 suis:
969 1862 999 1928 ‘e
1018 1884 1091 1928 con·

72 1949 159 2014 rivio
183 1950 254 2035 rapi
276 1949 423 2015 homines
446 1950 584 2034 imperas
605 1954 637 2015 et
654 1951 732 2015 novi
750 1951 875 2035 generis
894 1951 1006 2035 poenis
1024 1952 1092 2015 lan-

26 2058 55 2099 eo
73 2038 195 2104 cinari?
239 2039 267 2104 si
289 2038 374 2104 calix
396 2042 470 2103 tuus
494 2039 614 2105 fractus
635 2042 699 2122 est,
723 2039 844 2104 viscere
866 2039 1007 2104 hominis
1030 2039 1092 2104 die-

73 2127 261 2194 trahentur?
306 2131 432 2193 tantum
459 2128 519 2192 tibi
546 2128 701 2213 placebis,
728 2131 765 2192 ut
787 2128 833 2193 ibi
855 2129 996 2212 aliquem
1018 2128 1092 2194 duci

73 2218 196 2303 iubeas,
219 2218 275 2283 ubi
299 2215 414 2282 Caesar
436 2216 521 2283 estl'
564 2218 610 2284 sic
633 2217 685 2283 cui
707 2220 833 2283 tantum
854 2217 1017 2302 potentiae
1035 2221 1128 2302 ests

73 2311 110 2371 ut
132 2308 214 2373 iram
236 2330 276 2373 ex
299 2306 462 2391 superiore
484 2306 557 2372 loco
579 2306 711 2392 adgredi
728 2307 844 2392 possit,
867 2307 950 2373 male
968 2310 1093 2390 tractet,

74 2399 108 2460 at
136 2397 234 2462 talem
265 2396 444 2480 dumtaxat,
475 2397 602 2480 qualem
632 2396 727 2462 modo
751 2396 875 2481 rettuli,
897 2396 1012 2481 feram,
1034 2397 1092 2462 im·

28 2501 55 2543 as
74 2507 215 2569 manem,
243 2508 301 2552 san
349 2485 355 2498 '
381 2486 495 2569 ariam,
524 2508 605 2571 quae
635 2486 700 2555 iam
726 2486 913 2552 insanabilis
941 2490 1003 2569 est,
1029 2486 1093 2551 nisi

75 2574 177 2639 maius
202 2575 301 2657 aliqui
346 2575 503 2640 extimuit.

165 2784 181 2838 1
201 2785 294 2840 cadat.
314 2785 398 2840 alteri
419 2785 553 2855 indignor
571 2786 614 2854 A,
635 2786 683 2841 aed
703 2785 786 2840 alteri
805 2786 919 2855 praemis
934 2801 1050 2870 nepueu
1068 2793 1094 2841 et

74 2856 183 2924 auferar
201 2856 306 2913 additia
323 2858 439 2913 &laum
457 2864 509 2924 est;
527 2859 559 2912 ia
577 2858 604 2913 L
621 2873 679 2912 eea
696 2858 795 2928 letitia
818 2856 830 2929 11
852 2857 871 2911 8
886 2863 950 2926 poet
966 2857 1045 2912 retud
1062 2858 1094 2912 ie

74 2928 210 2997 Apama
227 2945 329 2984 rasura
346 2935 385 2984 eet
408 2928 418 3001 tt
442 2928 460 2983 4
482 2928 608 2997 potueris
626 2929 667 2995 A,
690 2929 737 2984 sed
754 2946 774 2981 u
790 2945 812 2983 s.
824 2945 849 2983 e.
863 2929 929 2984 add.
947 2930 1011 2996 lert.
1025 2927 1068 2983 A¹
1084 2927 1094 3000 tt

74 2998 93 3054 9
112 3000 148 3069 (et
165 2998 210 3068 16)
231 2999 426 3054 crustallinum
440 3003 468 3054 A
487 2999 917 3070 cfr.epist.123,7(p.588,19)
936 2998 946 3072 tt
964 2999 999 3054 10
1017 3014 1093 3053 more

75 3070 104 3125 A
130 3072 221 3125 morte
248 3071 316 3141 volq.
343 3070 354 3144 ΙΙ
380 3071 416 3125 20
441 3070 596 3142 sicalixttue
618 3071 661 3126 A¹
687 3087 756 3126 cerr.
778 3071 842 3138 fert.
862 3072 955 3126 eudem
976 3086 1062 3124 mauu
1084 3068 1094 3142 tt

74 3140 111 3195 22
129 3141 170 3196 sic
189 3141 235 3196 cui
254 3158 288 3197 ex
305 3154 323 3196 s
342 3143 423 3197 Gertz
442 3143 513 3197 sicui
526 3144 562 3196 A.
592 3143 664 3197 tune
678 3143 888 3213 purayraptum
906 3143 957 3211 (5),
976 3141 1095 3209 quaein

75 3212 241 3268 ediuouibue
258 3215 335 3283 cotye
348 3215 444 3283 prima
461 3215 562 3283 eapitis
574 3217 610 3268 41
626 3220 676 3281 est,
690 3214 876 3282 seponentes
889 3212 1094 3280 adiwaqeedam

75 3285 688 3411 „
712 3284 1092 3340 m

76 3443 131 3482 ease
155 3434 272 3497 apparet
296 3429 411 3483 haema
436 3429 536 3499 aqam,
561 3444 631 3497 quac
656 3427 790 3484 uveam
812 3434 838 3483 et
850 3397 972 3496 'husim
991 3426 1024 3480 ia
1040 3425 1095 3493 fiae

75 3496 127 3622 {dd
169 3504 210 3554 cet
226 3499 309 3555 certe
328 3498 384 3554 uisi
401 3498 493 3554 mains
512 3497 622 3567 aliquid
640 3497 782 3553 extimuit.
808 3503 965 3568 quacum
978 3494 1117 3562 mm

122 3610 128 3622 .
186 3585 255 3626 crece

874 3668 933 3722 m*
