2400 3840
117 179 160 246 92
313 177 343 232 a.
357 175 500 231 rursm
518 175 682 231 sennem
699 175 796 231 omn.
810 176 877 231 me.
891 176 939 233 Ν.

82 322 311 387 erestiterunt.
356 323 454 407 longe
480 321 590 406 itaque
617 322 657 387 ab
683 321 904 388 adsentatione
925 321 1072 408 pueritia
1094 346 1146 390 re-

117 411 275 476 movenda
298 414 359 476 est:
382 410 492 475 audiat
513 432 633 477 verum.
674 415 707 476 et
729 411 842 477 timeat
863 411 1010 496 interim,
1032 434 1145 479 verea-

117 503 172 565 tur
194 522 332 585 semper,
354 500 529 565 maioribus
553 500 713 586 adsurgat.
752 500 835 565 nihil
856 522 915 586 per
935 499 1144 568 iracundiam

118 593 240 655 exoret:
273 588 359 674 quod
388 589 479 654 flenti
507 593 662 675 negatum
690 589 802 673 fuerit,
833 589 943 675 quieto
973 590 1142 657 offeratur.

118 682 151 744 et
173 677 300 743 diutiss
322 678 504 762 parentium
526 678 562 742 in
583 681 758 762 conspectu
777 677 910 763 habeat,
926 699 994 745 non
1012 679 1050 745 in
1068 702 1141 746 usu.
1169 699 1179 741 s

83 767 352 851 sexprobrentur
378 767 428 832 illi
457 789 624 851 perperam
653 767 747 832 facta
792 767 967 851 pertinebit
995 769 1040 834 ad
1069 792 1141 836 rem

118 859 339 940 praeceptores
361 856 630 942 paedagogosque
653 856 761 940 pueris
783 856 927 942 placidos
950 857 1035 923 dari:
1065 881 1141 944 pro

116 945 211 1010 ximis
239 945 419 1030 adplicatur
441 967 536 1011 omne
559 944 646 1028 quod
668 949 815 1012 tenerum
839 949 888 1011 est
910 945 1001 1012 etin
1024 968 1141 1014 eorum

117 1034 360 1099 similitudinem
391 1034 518 1119 crescit3
546 1034 710 1100 nutricum
733 1038 773 1101 et·
788 1034 1053 1121 paedagogorum
1077 1041 1141 1103 ret

65 1137 99 1187 10
112 1125 218 1189 tulere
241 1145 318 1189 mox
340 1123 593 1189 adulescentium
615 1145 730 1189 mores.
767 1124 853 1209 apud
871 1123 1043 1190 Platonem
1063 1126 1141 1192 edu-
1156 1147 1178 1189 ss

117 1217 206 1278 catus
225 1234 306 1296 puer
323 1232 397 1277 cum
416 1213 457 1276 ad
474 1216 622 1295 parentes
636 1212 756 1278 relatus
770 1213 1000 1279 vociferantem
1015 1215 1142 1281 rideret

115 1305 255 1386 patrem:
285 1300 494 1384 ‘numquam'
517 1300 623 1385 inquit
646 1299 725 1367 ‘hoo
748 1302 833 1386 apud
856 1301 1029 1368 Platonem
1051 1304 1142 1370 vidi'

115 1411 183 1454 non
206 1388 319 1453 dubito
343 1389 422 1471 quin
444 1388 538 1455 citius
561 1394 686 1473 patrem
708 1390 853 1456 imitatus
877 1391 920 1456 sit
942 1411 1045 1475 quam
1067 1392 1141 1459 Pla·

65 1492 97 1541 11
117 1482 236 1542 tonem.
281 1477 387 1542 tenuis
417 1481 491 1543 ante
521 1479 629 1544 omnia
655 1479 760 1544 victus
786 1481 830 1546 sit
851 1483 884 1545 et
904 1501 972 1545 non
994 1483 1143 1566 pretiosa

116 1567 216 1631 vestis
239 1569 272 1631 ct
294 1566 408 1631 similis
431 1567 536 1632 cultus
559 1588 633 1633 oum
656 1568 857 1652 aequalibus:
886 1589 953 1634 non
979 1569 1142 1639 irascetur
1156 1589 1177 1631 1⁵

117 1655 258 1738 aliquem
288 1655 351 1720 sibi
380 1655 557 1740 comparari
585 1678 681 1740 quem
708 1657 748 1722 ab
772 1657 865 1723 initio
888 1657 1001 1725 multis
1027 1682 1140 1745 parem

116 1744 239 1809 feceris.

83 1866 97 1915 1
206 1850 308 1916 XXII.
345 1849 409 1917 Sed
435 1853 515 1918 haec
541 1852 582 1917 ad
609 1853 727 1918 liberos
750 1857 878 1919 nostros
900 1854 1085 1942 pertinent3
1107 1858 1141 1923 in

116 1941 209 2007 nobis
233 1941 364 2026 quidem
387 1962 455 2007 sors
474 1942 627 2007 nascendi
644 1945 677 2007 et
695 1943 841 2008 educatio
859 1962 919 2008 nec
935 1942 1011 2009 vitii
1029 1946 1141 2012 locum

115 2054 175 2097 nec
206 2031 270 2095 iam
302 2030 466 2115 praecepti
497 2031 609 2096 hebet:
645 2031 811 2115 sequentia
843 2031 1023 2098 ordinanda
1056 2040 1140 2102 sunt
1155 2065 1176 2106 a

81 2123 229 2185 roontm
256 2121 376 2205 primas
406 2121 516 2205 itaque
543 2141 654 2184 causas
682 2141 826 2206 pugnare
850 2121 1019 2206 debemus3
1043 2145 1141 2191 causa

117 2212 225 2272 autem
256 2209 439 2274 iracundiae
472 2209 581 2293 opinio
614 2209 749 2275 iniuriae
778 2213 840 2293 est,
872 2209 925 2275 cui
950 2232 1022 2276 non
1045 2213 1140 2280 facile

117 2296 309 2362 credendum
324 2302 380 2362 est.
416 2320 458 2362 ne
476 2298 595 2383 apertis
614 2298 743 2382 quidem
762 2298 1007 2383 manifestisque
1028 2303 1139 2368 statim

118 2386 346 2470 accedendum3
372 2388 527 2471 quaedam
552 2387 637 2452 enim
660 2387 742 2452 falsa
764 2387 832 2453 veri
854 2387 995 2471 speciem
1019 2389 1138 2456 ferunt

81 2490 97 2538 3
118 2475 258 2539 dandum
281 2495 407 2558 semper
429 2480 478 2541 est
500 2480 641 2560 tempus:
663 2476 831 2541 veritatem
855 2475 921 2541 dies
944 2478 1063 2562 aperit.
1099 2502 1173 2550 nes

118 2564 183 2628 sint
206 2584 297 2628 aures
321 2564 564 2629 criminantibus
587 2565 710 2630 faciles:
733 2565 797 2631 hoc
818 2565 979 2631 humanae
1000 2572 1138 2635 naturae

117 2652 233 2716 vitium
256 2657 440 2736 suspectum
462 2656 641 2736 notumque
663 2653 756 2718 nobis
780 2652 836 2737 sit,
859 2653 960 2738 quod,
983 2675 1070 2740 quae
1092 2659 1139 2723 in·

117 2741 177 2805 viti
209 2740 369 2823 audimus,
397 2742 535 2807 libenter
562 2742 720 2807 oredimus
748 2746 793 2826 et,
821 2747 995 2826 antequam
1018 2746 1137 2814 iudice

81 2846 203 2914 rmus,
226 2829 399 2895 irascimur.
447 2831 538 2914 quid,
561 2832 647 2914 quod
673 2853 741 2896 non
765 2831 1047 2902 criminationibus
1070 2841 1137 2902 tan-

206 3041 222 3094 1
237 3040 401 3095 restiterunt
414 3043 474 3096 AL
492 3041 647 3097 restiterint
660 3042 728 3186 rolf.
737 3041 755 3168 ql
772 3042 790 3097 8
804 3043 921 3097 adsurat
934 3043 973 3110 A,
987 3060 1060 3102 corr.
1072 3046 1135 3114 fort.

114 3112 690 3255 stallmeister-es)
708 3113 1017 3268 terestrem
1036 3118 1137 3244 rr

116 3256 195 3310 deret
217 3257 246 3310 A
273 3256 385 3310 audiret
412 3255 451 3309 H.
471 3255 625 3324 Stephanus
650 3256 660 3328 {l
687 3255 723 3311 14
748 3258 786 3310 srt
809 3257 854 3310 bac
878 3256 942 3312 aad.
964 3258 995 3315 R
1087 3260 1106 3328 f
1126 3258 1136 3332 l!

115 3326 151 3380 le
174 3327 293 3382 convicii
316 3328 409 3382 locum
434 3329 504 3382 coni.
524 3328 646 3382 Karsten
669 3326 680 3400 ll
706 3326 742 3380 20
767 3327 915 3395 sequentia
933 3329 1134 3401 <tempora>

120 3398 280 3469 Wesenberq
294 3400 354 3454 coll.
368 3415 427 3468 cap.
444 3402 514 3465 18‚1
532 3397 542 3469 ll
559 3397 595 3452 24
609 3397 803 3454 adcedendum
817 3400 845 3453 A
862 3398 873 3471 ll
890 3398 925 3454 27
939 3401 1099 3472 notumque
1108 3402 1135 3458 A

115 3470 300 3596 notqtumque
330 3471 412 3525 Gertz
444 3471 613 3538 cautumque
641 3472 764 3526 Karsten
797 3470 801 3542 Ι
836 3470 925 3538 quod,
958 3487 1035 3540 quae
1066 3474 1134 3544 solo.

106 3555 163 3605 qao
184 3557 216 3608 a·
