2400 3840
99 208 150 262 AD
165 206 340 262 SERENVM
353 206 402 260 Da
417 204 738 272 TRANQVILLITATE
748 206 857 261 ANIMI
871 205 992 261 GAP.12
1034 209 1099 275 269

80 353 248 438 proposito
275 355 433 438 vagantur
457 355 643 435 quaerentes
665 352 798 438 negotia
818 373 878 417 nec
902 373 983 436 quae
1006 353 1102 418 desti·

80 445 238 507 naverunt
258 444 372 526 agimt,
395 441 451 506 sed
468 441 503 504 in
522 461 603 524 quae
622 441 878 526 incucurrerunt,
900 442 1101 508 inconsultus

81 532 147 599 illis
169 552 334 614 vanusque
365 550 477 594 cursus
504 533 567 613 est,
597 530 701 612 qualis
724 529 868 596 formicis
891 553 949 616 per
972 532 1101 597 arbusta

80 620 280 705 repentibus,
300 640 381 703 quae
399 619 435 683 in
453 640 614 684 summum
633 640 787 684 cacumen
805 619 930 685 atinde
948 621 983 684 in
1000 621 1101 685 imum

49 710 191 774 sinanes
226 712 379 793 aguntur:
415 708 466 772 his
500 708 646 791 plerique
683 707 821 774 similem
856 709 957 773 vitam
992 714 1103 795 agrmt,

82 820 220 883 quorum
247 819 314 862 non
336 797 486 861 inmerito
510 797 582 881 quis
605 796 782 881 inquietam
806 797 954 862 inertiam
977 798 1102 864 dixerit.

81 887 282 971 quorundam
306 886 398 969 quasi
416 886 457 950 ad
474 886 658 951 incendium
676 887 873 951 currentium
890 886 1102 952 misereberis:
1120 904 1138 952 4

81 997 183 1060 usque
213 997 250 1040 1ο
278 975 439 1059 inpellunt
463 974 576 1040 obvios
600 978 633 1040 st
656 996 690 1040 se
712 976 857 1059 aliosque
879 976 1102 1059 praecipitent,

82 1086 156 1130 oum
184 1065 313 1129 interim
343 1068 553 1130 cucurrerunt
582 1067 639 1129 aut
668 1065 838 1129 salutaturi
868 1065 1007 1147 aliquem
1036 1086 1103 1129 non

36 1173 63 1214 ro
81 1155 330 1218 resalutaturum
353 1158 410 1218 aut
427 1153 525 1218 funus
544 1153 649 1239 ignoti
666 1153 808 1219 hominis
826 1154 1029 1238 prosecuturi
1047 1157 1103 1217 aut

82 1243 176 1329 <ad>
198 1244 353 1308 iudicium
377 1265 471 1328 saepe
495 1243 655 1328 litigantis
681 1242 800 1307 autad
823 1243 985 1326 sponsalia
1009 1264 1103 1326 saepe

80 1331 230 1397 nubentis
257 1335 290 1397 11
316 1333 464 1397 lecticam
493 1332 648 1397 adsectati
677 1332 869 1415 quibusdem
896 1333 977 1398 loeis
1005 1332 1103 1397 etiam

81 1421 237 1504 tolerunt,
261 1422 335 1485 dein
358 1421 490 1486 domum
514 1443 588 1486 eum
612 1443 810 1505 supervacua
827 1422 995 1487 redeuntes
1012 1421 1103 1486 lassi-

80 1511 192 1575 tudine
225 1510 333 1573 iurant
368 1510 490 1575 nescire
523 1532 556 1575 se
593 1510 696 1594 ipsos,
732 1532 830 1595 quare
863 1511 1010 1594 exierint,
1047 1509 1104 1574 ubi

37 1618 63 1659 rs
81 1599 214 1681 fuerint,
245 1601 374 1681 postero
404 1599 455 1662 die
485 1600 622 1663 erraturi
651 1621 709 1683 per
739 1600 848 1665 eadem
878 1601 936 1665 illa
958 1599 1103 1685 vestigia.

83 1688 187 1751 omnis
217 1687 326 1769 itaque
352 1686 445 1751 labor
472 1687 581 1770 aliquo
609 1688 777 1772 referatur,
807 1688 916 1773 aliquo
939 1689 1138 1772 respiciatis

82 1797 149 1840 non
170 1774 330 1839 industria
352 1775 529 1859 inquietos,
552 1780 600 1840 111
623 1777 752 1841 insanos
774 1776 874 1841 falsae
897 1799 1004 1841 rerum
1027 1777 1104 1840 ima·

82 1864 173 1950 gines
210 1863 347 1949 agitant3
383 1887 459 1928 nam
490 1887 531 1930 ne
562 1865 613 1930 illi
644 1865 773 1948 quidem
807 1866 875 1930 sine
907 1865 1015 1947 aliqua
1047 1886 1103 1948 spe

83 1956 265 2017 moventur:
303 1954 441 2036 proritat
476 1954 551 2019 illos
589 1953 725 2019 alicuius
761 1955 808 2019 rei
840 1954 976 2037 species,
1012 1974 1103 2018 eurus

38 2061 66 2102 ao
82 2042 258 2107 vanitatem
272 2045 367 2126 capta
380 2065 471 2109 mens
485 2065 553 2108 non
568 2042 723 2128 coarguit.
752 2043 864 2107 eodem
877 2042 973 2107 modo
989 2063 1104 2106 unum-
1123 2057 1139 2106 6

84 2152 242 2215 quemque
277 2153 317 2196 ex
345 2131 411 2216 his,
447 2133 503 2216 qui
534 2133 574 2197 ad
609 2132 788 2217 aagendam
818 2131 946 2196 turbam
977 2135 1103 2213 exeunt,

82 2221 192 2286 inanes
216 2224 249 2285 11
270 2220 357 2286 leves
381 2243 495 2287 causae
518 2243 575 2306 per
598 2221 710 2285 urbem
729 2221 985 2304 circumducunt,
1008 2219 1104 2284 nihil-

56 2351 58 2355 >
83 2331 145 2394 que
172 2309 357 2394 habentem,
388 2312 422 2374 in
446 2311 533 2395 quod
554 2310 693 2395 laboret,
721 2310 780 2375 lux
803 2313 874 2375 orta
896 2309 1041 2393 expellit,
1071 2313 1104 2374 et

83 2420 157 2464 oum
177 2399 352 2463 multorum
372 2399 492 2464 frustra
509 2400 675 2464 liminibus
694 2399 808 2465 inlisus
825 2399 1102 2464 nomenculatores

38 2505 65 2547 11
83 2487 307 2570 persalutavit,
336 2510 355 2552 a
384 2489 495 2554 multis
525 2489 673 2554 exclusus
701 2489 863 2554 neminem
892 2510 931 2552 ex
954 2487 1102 2553 omnibus

84 2575 248 2640 difficilius
281 2576 369 2640 domi
401 2598 498 2660 quam
528 2599 562 2642 11
590 2578 748 2643 convenit.
795 2600 834 2642 ex
856 2577 919 2642 hoc
941 2577 1027 2642 malo
1052 2577 1138 2641 de-‘1

84 2663 203 2749 pendet
224 2664 306 2729 illud
328 2667 549 2730 taeterrimum
572 2667 701 2750 vitium,
729 2667 921 2732 auscultatio
944 2670 976 2731 et
998 2666 1103 2750 publi-

84 2775 195 2819 corum
227 2756 485 2839 secretorumque
519 2756 686 2839 inquisitio
722 2760 754 2821 et
789 2756 964 2820 multarum
994 2777 1103 2819 rerum

84 2842 230 2926 scientia,
261 2863 342 2924 quae
371 2864 431 2908 nee
452 2847 525 2909 tuto
548 2849 719 2909 narrantur
744 2866 804 2910 neo
826 2848 897 2910 tuto
921 2845 1102 2908 audiuntur.

174 3000 190 3054 1
209 3017 261 3055 neo
279 3015 353 3069 quae
370 3000 439 3070 1119.
458 2998 535 3072 nesq3
550 3002 578 3055 A
596 3018 686 3070 neque
705 3018 778 3071 quae
791 3002 949 3057 Feldmooee
965 3000 976 3073 l
993 3001 1011 3054 6
1029 3000 1104 3054 iner-

84 3071 156 3125 tiam
173 3073 242 3143 ooly.
261 3072 394 3125 ineritam
408 3071 450 3127 Αι
467 3072 629 3126 inmeritam
642 3072 685 3128 A·
702 3080 752 3128 out
769 3091 804 3128 m.
822 3073 955 3127 recentior
975 3070 986 3143 11
1010 3071 1044 3125 11
1067 3071 1104 3124 ad

85 3143 149 3198 aad.
169 3155 186 3196 ς
208 3143 218 3216 Η
243 3143 278 3197 13
297 3143 363 3197 dein
376 3145 405 3198 A
424 3143 526 3197 deinde
544 3144 613 3226 eolp.
632 3145 693 3214 (cfr.
712 3161 752 3213 ep.
771 3149 815 3210 94,
830 3149 865 3198 54
887 3145 936 3198 abt
957 3143 1104 3198 (111111111-

84 3214 205 3268 nendum
224 3222 282 3270 eret
300 3232 334 3269 ex
352 3215 423 3284 BA)
445 3215 448 3285 1
469 3215 613 3269 redeuntis
631 3217 660 3270 A
682 3232 749 3271 corr.
768 3216 837 3285 eolp.
859 3214 869 3286 11
894 3213 930 3269 14
947 3214 1056 3268 nescire
1074 3231 1104 3269 11

84 3285 161 3352 ipsos
179 3287 326 3342 Neteboro
343 3303 389 3355 op.
404 3287 582 3357 Modoipe'om
605 3287 752 3341 nescisse
774 3303 803 3340 11
820 3287 897 3355 ipsos
911 3287 939 3340 A
960 3285 963 3358 1
985 3285 1105 3340 exierint

86 3372 120 3410 ea
133 3356 258 3411 exierant
271 3374 339 3413 corr.
354 3357 415 3430 A'l
435 3357 486 3411 ubi
503 3359 536 3411 11
552 3375 608 3413 rao.
623 3358 666 3413 A'
674 3359 707 3428 (1)
725 3357 735 3429 11
754 3357 788 3412 17
802 3357 825 3411 de
837 3357 951 3411 insanos
965 3359 993 3412 A
1011 3360 1054 3411 set
1071 3360 1104 3411 ut

86 3426 199 3482 insanos
222 3429 304 3484 Gesta
325 3427 455 3496 inquieta
478 3431 523 3482 sit.
556 3429 670 3483 insanos
688 3430 848 3498 Petaebeos'q
870 3445 945 3482 nunc
963 3428 1104 3484 industria

86 3497 239 3566 inquietos,
264 3503 298 3554 ut
322 3498 436 3554 insanos
459 3500 596 3556 Schultess
619 3499 630 3573 ss
653 3499 690 3554 20
712 3500 844 3553 uanitate
867 3502 898 3554 A
919 3517 997 3552 corr.
1012 3497 1136 3558 aaa-n

86 3567 123 3621 21
141 3568 282 3636 dependet
299 3572 366 3642 sely.
387 3571 546 3642 deprendet
561 3573 590 3628 A
