2400 3840
118 203 182 270 162
313 199 343 256 L.
357 197 500 253 ANNAEI
518 197 682 254 SENECAE
700 198 795 255 DIAL.
810 199 877 254 LlB.
892 198 939 254 VI.

117 367 264 412 securum
291 347 348 410 cut
373 345 597 431 neglegentem
620 345 791 429 opprimes.
837 345 904 412 scio
927 345 1005 430 quid
1026 367 1134 431 peres:

80 434 216 504 celium
246 434 375 518 quidem
405 434 605 518 percussisti,
632 434 688 499 sed
715 456 766 499 me
793 433 925 518 petisti?
971 434 1043 518 quis
1066 459 1135 501 um·

117 545 213 608 quam
236 544 286 588 res
310 543 382 589 suas
406 524 498 606 quasi
520 523 681 608 periturus
704 522 851 607 aspexit?
886 523 959 607 quis
979 546 1134 609 umquem

115 616 262 678 nostrum
286 612 325 678 de
348 612 459 697 exilio,
482 612 520 677 de
539 615 691 698 egestum,
710 612 749 677 de
766 614 857 678 luctu
876 613 1018 698 cogitare
1037 636 1133 681 susus

116 701 186 767 est?
231 702 303 785 quis
332 723 411 785 non,
442 702 469 768 si
499 702 708 767 admoneatur
736 705 774 767 ut
803 701 938 788 cogitet,
966 705 1134 787 tamquam
1164 722 1176 764 s

116 791 221 856 dirum
245 812 339 855 omen
356 793 487 875 respuet
505 794 537 856 et
554 791 589 855 in
607 791 714 874 capite
732 790 937 856 inimicorum
956 794 1013 856 aut
1030 792 1133 876 ipsius

115 880 334 964 inlumpestivi
356 879 526 946 monitoris
549 879 637 946 ebire
659 880 717 945 illc
739 879 869 946 iubeat?
914 880 996 946 ‘non
1020 883 1133 965 putavi

80 968 281 1038 eruturum?
335 969 507 1053 quicquam
543 972 580 1034 tu
616 973 711 1052 putes
747 991 814 1034 non
850 970 1008 1053 futurum,
1046 971 1132 1054 quod

115 1056 257 1144 [multis]
287 1058 349 1124 scis
377 1079 472 1142 posse
498 1058 584 1141 fieri,
611 1058 698 1142 quod
721 1057 832 1123 multis
855 1059 944 1123 vides
968 1059 1133 1126 evenisse?

115 1148 281 1234 egregium
303 1167 432 1212 versum
454 1150 488 1212 et
510 1147 644 1233 dignum
658 1148 724 1231 ‘qui
745 1169 813 1213 non
831 1169 848 1212 e
866 1147 994 1232 pulpito
1019 1149 1133 1214 exiret:
1152 1167 1176 1208 ιο

265 1268 352 1323 cuivis
370 1270 466 1337 potest
483 1268 612 1323 cocidere
631 1269 707 1337 quod
726 1269 858 1338 cuiquem
876 1271 983 1337 potest!

114 1381 169 1445 ille
192 1379 300 1443 amisit
322 1378 454 1443 liberosz
477 1380 510 1443 et
531 1382 568 1444 tu
591 1379 738 1443 amittere
759 1382 866 1463 potes3
888 1378 944 1444 iile
962 1380 1131 1445 damnatus

115 1472 176 1534 est:
199 1472 232 1533 et
253 1471 311 1532 tus
333 1466 517 1532 innocentie
540 1468 598 1533 sub
622 1467 690 1532 ictu
712 1471 768 1533 est.
815 1489 903 1533 error
929 1468 1046 1552 decipit
1068 1469 1132 1552 hic,

115 1557 290 1640 effeminet,
314 1557 390 1621 dum
414 1556 555 1640 petimur
578 1577 658 1639 quae
676 1579 854 1640 numquam
872 1556 1017 1641 patinos
1035 1578 1131 1641 posse

114 1645 322 1732 providimus.
368 1645 473 1711 aufert
494 1644 560 1710 vim
583 1645 804 1730 praesentibus
827 1645 921 1712 melis
944 1646 1002 1731 qui
1022 1645 1132 1712 future
1151 1665 1176 1706 1⁵

137 1757 189 1800 ros
215 1735 289 1800 exit.

80 1758 135 1892 1p
190 1758 241 1889 pX.
277 1823 438 1908 Quicquid
461 1826 510 1890 est
531 1823 607 1908 hoc,
635 1823 769 1908 Marcia,
792 1824 878 1908 quod
902 1822 987 1889 circa
1008 1846 1069 1890 nos
1093 1847 1132 1890 ex

114 1913 293 1979 adventicio
316 1914 433 2000 fulget,
455 1913 562 1997 liberi,
584 1913 738 1997 honores,
760 1935 851 1998 opes,
874 1914 982 1998 ample
1000 1912 1082 1979 atria
1100 1918 1132 1978 et

114 2005 317 2069 exclusorum
347 2002 512 2069 clientium
541 2002 636 2068 turba
664 2001 782 2068 referta
808 2003 981 2087 vestibula,
1009 2003 1131 2069 clerum

113 2113 236 2174 nomen,
258 2092 376 2157 nobilis
396 2095 452 2157 aut
468 2092 612 2158 formose
630 2091 749 2157 coniux
766 2094 934 2176 ceteroque
953 2113 993 2156 ex
1010 2091 1132 2157 incerte
1149 2111 1175 2151 ro

114 2183 147 2245 et
176 2181 289 2246 mobili
319 2185 405 2245 sorte
434 2180 606 2264 pendentis
633 2180 730 2245 alieni
752 2179 1011 2265 commodatique
1034 2203 1131 2265 appa·

113 2271 201 2334 retus
226 2273 313 2352 sunt3
341 2269 426 2335 nihil
447 2270 564 2333 horum
587 2269 672 2333 dono
696 2269 802 2335 datur:
832 2269 1012 2336 conleticiis
1035 2274 1068 2336 et
1090 2271 1131 2335 ed

114 2357 261 2422 dominos
288 2358 438 2422 redituris
465 2357 687 2422 instrumentis
713 2379 828 2424 scaena
850 2358 1038 2444 adornatum
1068 2358 1131 2424 alic

114 2468 154 2510 ex
175 2447 226 2511 his
250 2446 355 2529 primo
375 2447 440 2529 die,
457 2447 521 2511 elie
539 2446 683 2512 secundo
697 2447 889 2531 referentur,
906 2469 1010 2532 peuce
1027 2469 1130 2533 usque

77 2535 154 2602 cad
176 2536 274 2600 finem
296 2535 554 2619 perseverabunt
595 2535 704 2622 itaque
726 2558 793 2601 non
816 2540 864 2602 est
887 2537 974 2622 quod
995 2558 1056 2603 nos
1080 2559 1130 2602 su·
1149 2555 1175 2596 2⁵

202 2693 236 2748 11
256 2694 288 2748 P.
304 2692 370 2763 Syri
387 2708 453 2748 cers.
471 2697 523 2748 119
541 2690 638 2749 Rite!
655 2693 690 2761 cf.
705 2694 772 2750 dial.
787 2695 837 2748 IX
855 2698 930 2762 11,8

201 2798 220 2854 3
243 2799 385 2868 periturus
408 2801 436 2855 A
463 2800 604 2868 periturus
627 2813 644 2854 ς
671 2806 703 2855 ot
727 2801 796 2855 coni.
821 2801 939 2870 Bentley
967 2800 1130 2868 perditurus

113 2871 196 2926 Gertz
214 2872 273 2926 coll.
289 2887 328 2939 ep.
344 2875 420 2938 63,7
443 2870 454 2943 ΙΙ
478 2871 640 2926 4101111111
658 2884 676 2925 ς
692 2873 818 2926 uestrum
832 2873 860 2927 A
882 2871 892 2945 ll
917 2871 989 2926 lint
1011 2887 1080 2928 corr.
1098 2875 1131 2927 in

111 2959 198 3013 murp.
213 2943 244 2997 F
260 2949 285 2998 et
302 2943 362 2996 edd.
376 2959 454 3012 supp.
475 2944 504 2997 et
521 2943 549 2998 A
569 2941 621 3068 Ἀθ
639 2942 736 2997 multis
759 2944 839 2997 uncis
856 2943 971 3000 inclusit
987 2944 1127 3016 Mudoipl

112 3015 239 3070 euenisse
254 3014 281 3069 A
300 3030 368 3069 corr.
384 3031 418 3068 ec
435 3015 507 3068 -sset
523 3013 534 3087 ΙΙ
551 3013 567 3067 1
605 3020 668 3068 ante
686 3031 702 3069 e
715 3030 842 3083 praepos.
857 3016 889 3069 in
906 3031 992 3085 marp.
1007 3021 1034 3070 et
1047 3016 1131 3070 initio

111 3103 205 3142 cessem
227 3086 336 3155 aliquid
358 3102 466 3141 erasum
488 3093 527 3139 est
553 3083 557 3156 l
585 3101 601 3138 e
623 3085 734 3153 pulpito
753 3085 842 3140 exiret
860 3086 962 3155 Haupt
987 3101 1002 3140 e
1023 3086 1130 3155 populo

113 3158 153 3212 eri
167 3158 191 3212 ir
204 3158 267 3213 AF
282 3156 292 3230 ll
310 3155 346 3211 13
364 3173 401 3211 es.
429 3158 519 3210 terror
538 3155 651 3224 decipit.
679 3157 727 3211 hic
745 3156 890 3211 effeminet
905 3156 948 3212 A¹
970 3156 1011 3230 esf.
1040 3158 1131 3212 terror

113 3228 226 3299 decipit.
254 3228 281 3283 h.
297 3243 321 3283 e.
340 3228 389 3283 A⁶.
423 3245 499 3283 nunc
520 3244 582 3282 cum
601 3229 747 3298 Modoipio
769 3229 883 3283 editores
900 3234 965 3284 aute
985 3227 1131 3283 effeminet

111 3302 182 3356 mole
206 3303 235 3355 et
253 3300 396 3355 inculcant
416 3298 426 3372 ll
451 3298 486 3354 15
510 3298 686 3367 procidimus
704 3300 735 3355 F
749 3306 781 3355 ot
797 3300 841 3355 col
860 3343 865 3353 .
884 3317 908 3384 p
928 3299 1069 3374 (uidimus
1088 3300 1131 3356 A⁶

112 3374 141 3441 (2
154 3373 204 3428 litt.
220 3388 289 3427 eras.
303 3372 351 3426 sed
367 3389 391 3446 p
410 3389 445 3426 m.
461 3376 477 3426 1
496 3371 636 3441 scripsisse
653 3372 719 3440 oid.)
737 3369 747 3443 ll
767 3370 803 3426 18
820 3317 903 3426 lilerr
940 3374 1020 3441 (cos.
1033 3371 1090 3427 oid.
1106 3373 1130 3441 s)

112 3443 140 3496 A
163 3442 174 3514 ss
200 3443 236 3497 19
262 3443 368 3498 clerum
392 3445 576 3510 <nomen‚>
599 3441 703 3496 nobilis
724 3444 842 3513 Modoip
865 3443 972 3498 clerum
1000 3444 1079 3514 (corr.
1098 3445 1132 3498 iu

101 3512 182 3564 clere
196 3531 230 3567 m.
246 3517 335 3584 J-c)
353 3513 459 3570 nobilis
473 3516 501 3571 A
520 3513 746 3586 glorisnominis
761 3514 896 3570 Schultess
913 3513 924 3588 ll
940 3513 976 3569 211
989 3513 1132 3569 redituros

84 3593 156 3633 corr.
175 3584 209 3636 e'n
227 3584 381 3644 -rr‘sA1-¹
