2400 3840
123 211 188 277 256
318 207 349 261 L.
363 206 506 261 ANNAEI
524 205 689 262 SENECAE
707 206 803 262 DIAL.
817 205 885 261 ΜΒ.
899 205 947 265 IX.

122 355 242 421 vivere:
265 353 416 417 ultimum
440 353 598 418 malorum
622 355 670 418 est
693 375 709 416 e
727 351 876 417 rivorum
893 373 1030 417 numero
1049 352 1150 438 exire,

122 447 295 526 antequam
330 442 487 506 moriaris.
541 442 596 507 sed
632 440 813 506 faciendum
850 441 924 524 erit,
961 442 990 507 si
1027 442 1066 507 in
1104 444 1151 509 rei

123 532 270 615 publicae
301 535 428 615 tempus
460 531 567 596 minus
600 530 767 596 tractabile
799 530 962 614 incideris,
999 534 1039 595 nt
1073 533 1149 616 plus

123 621 190 686 otio
214 642 251 686 ae
272 621 389 686 litteris
411 620 570 702 vindices,
590 640 650 684 nec
673 619 766 684 aliter
788 641 886 704 quam
908 620 943 683 in
960 620 1151 704 periculosa

121 708 327 796 navigatione
350 710 484 775 subinde
507 712 637 793 portum
660 714 751 792 petas
773 730 834 775 nec
856 712 1020 794 expectes,
1044 710 1150 779 donec
1176 732 1185 772 1

123 821 173 864 100
195 802 227 865 te
251 799 427 883 dimittant,
452 799 507 864 sed
530 799 570 862 ab
593 799 658 862 illis
681 801 714 863 te
736 798 806 882 ipse
829 798 986 884 diiungas.

89 923 103 972 1
212 903 266 971 VI.
303 903 464 989 Inspicere
494 913 601 970 autem
632 904 816 969 debebimus
846 905 987 989 primum
1017 911 1150 975 nosmet

122 996 224 1080 ipsos,
257 995 371 1060 deinde
406 1016 445 1058 ee
481 1016 563 1078 quae
600 993 823 1079 adgrediemur
853 995 998 1080 negotia,
1032 995 1150 1062 deinde

123 1104 192 1169 eos,
214 1106 351 1168 quorum
375 1105 471 1149 causa
494 1087 550 1148 aut
573 1104 646 1148 eum
669 1083 793 1167 quibus.

88 1189 104 1237 a
212 1172 297 1238 Ante
321 1172 430 1237 omnia
451 1192 580 1238 necesse
603 1175 709 1237 estse
732 1172 839 1256 ipsum
863 1172 1047 1256 aestimare,
1074 1174 1150 1258 quia
1165 1194 1185 1235 u

122 1263 189 1328 fere
216 1263 290 1346 plus
317 1261 410 1326 nobis
437 1261 584 1326 videmur
610 1282 705 1344 posse
729 1283 826 1345 quam
848 1282 1035 1344 possumus:
1065 1265 1149 1330 alius

124 1351 324 1433 eloquentiae
360 1350 479 1414 fiducia
510 1350 703 1433 prolabitur,
741 1352 823 1415 alius
854 1350 1055 1434 patrimonio
1091 1375 1149 1419 suo

123 1441 197 1523 plus
216 1439 385 1522 imperavit
399 1459 496 1521 quam
514 1438 596 1503 ferre
610 1441 732 1523 posset,
752 1440 833 1504 alius
848 1439 1014 1505 infirmum
1028 1462 1150 1527 corpus

123 1527 286 1592 laborioso
323 1528 440 1611 pressit
473 1527 589 1593 officio.
641 1529 842 1612 quorimdam
878 1551 993 1613 parum
1029 1529 1151 1597 idonea

124 1619 173 1682 est
201 1617 392 1681 verecundia
409 1614 515 1682 'rebus
546 1616 709 1700 civilibus,
739 1638 820 1700 quae
850 1618 977 1682 firmem
1005 1618 1150 1686 frontem
1166 1637 1185 1679 1⁶

124 1705 317 1790 desiderant3
341 1706 542 1790 quorrmdam
565 1707 767 1771 contumacia
784 1728 851 1772 non
868 1706 947 1772 facit
964 1707 1007 1772 ad
1026 1710 1151 1794 aulam,

125 1795 255 1879 quidam
291 1817 358 1861 non
393 1795 513 1862 habent
549 1797 629 1860 iram
666 1796 701 1859 in
736 1799 894 1879 potestate
933 1799 965 1860 et
997 1797 1079 1863 illos
1112 1799 1152 1865 ad

124 1885 293 1950 temeraria
328 1885 426 1950 verba
462 1886 623 1969 quaelibet
659 1884 839 1971 indignatio
872 1885 976 1968 effert3
1015 1887 1151 1970 quidam

123 1974 339 2039 urbanitatem
376 1974 524 2053 nesciunt
560 1975 723 2039 continere
758 1995 818 2040 1100
849 1974 1040 2058 periculosis
1079 2000 1151 2063 aps·

124 2065 229 2128 tinent
256 2064 389 2128 salibus:
422 2064 570 2128 omnibus
600 2064 651 2129 his
674 2062 786 2127 utilior
812 2064 943 2150 negotio
968 2064 1062 2147 quies
1089 2069 1151 2151 est3
1166 2083 1186 2124 2⁰

124 2152 216 2217 ferox
237 2153 461 2235 inpatiensque
488 2157 603 2217 nature
625 2152 831 2217 inritamenta
857 2151 1025 2218 nociturae
1053 2155 1152 2222 liber·

125 2241 200 2305 tatis
224 2241 330 2305 evitet.

90 2345 106 2392 3
214 2329 423 2395 Aestimanda
455 2333 530 2395 sunt
562 2329 675 2395 deinde
708 2331 791 2414 ipsa,
822 2352 903 2414 quae
930 2330 1152 2418 adgredimur,

126 2422 159 2483 et
188 2418 272 2483 vires
304 2422 433 2484 nostrae
461 2441 535 2485 cum
562 2419 670 2503 rebus,
699 2440 779 2503 quas
806 2420 997 2504 temptaturi
1025 2443 1151 2509 sumus,

126 2506 371 2592 comparandae3
399 2509 493 2574 debet
520 2508 605 2573 enim
633 2530 758 2591 semper
780 2509 854 2592 plus
877 2530 946 2574 esse
970 2508 1095 2578 virium
1118 2515 1152 2578 in
1166 2527 1187 2570 ²⁶

126 2599 233 2661 actore
265 2619 362 2681 quam
394 2599 429 2662 in
457 2619 566 2682 opere:
597 2618 725 2662 necesse
753 2602 802 2662 est
830 2598 1017 2682 opprimant
1041 2622 1150 2688 onera,

90 2702 208 2769 aquae
244 2685 365 2751 ferente
402 2687 524 2751 maiora
556 2690 638 2751 sunt.
695 2687 851 2770 quaedam
882 2690 1050 2772 praeterea
1084 2714 1151 2757 non

125 2779 192 2840 tam
228 2797 345 2862 magna
377 2780 452 2842 sunt
483 2775 613 2861 negotia
645 2798 742 2860 quam
773 2776 911 2841 fecunda
941 2777 1150 2865 multumque

125 2865 329 2950 negotiorum
351 2864 472 2930 ferunt:
495 2868 527 2930 et
550 2865 629 2930 haee
651 2864 839 2950 refugienda
857 2869 947 2950 sunt,
969 2870 1149 2952 exquibus

130 3114 134 3121 .
214 3075 249 3130 12
268 3075 428 3143 eloquentie
441 3075 483 3129 A⁵
502 3075 663 3144 eloquentia
677 3075 719 3130 A¹
732 3083 764 3131 ut
776 3077 831 3132 eid.
850 3075 860 3148 ll
877 3075 913 3131 14
926 3077 1032 3145 prersit
1050 3080 1082 3134 A
1101 3098 1151 3151 op·

124 3147 228 3217 pressit
244 3149 313 3218 0019.
335 3146 421 3218 lpoat
437 3147 519 3202 001110
538 3148 641 3215 pressit
659 3147 760 3202 officio.
790 3149 937 3204 1110010πά0
957 3165 991 3203 ea
1009 3166 1068 3206 0000
1122 3169 1151 3208 c-

125 3219 251 3274 tatiliter
273 3225 362 3273 censet
381 3218 475 3287 Gertz,
501 3235 570 3287 quae
592 3221 624 3272 in
642 3218 670 3272 A
693 3221 724 3273 in
744 3236 804 3288 cap.
824 3223 882 3286 7‚2
905 3220 1048 3290 tepenter:
1101 3240 1150 3278 on-

125 3290 306 3344 siderendum
326 3291 369 3344 est
389 3330 461 3345 ....
480 3288 582 3343 inritus
600 3288 682 3345 labor
700 3292 750 3345 est.
774 3289 784 3363 11
806 3290 841 3344 15
859 3290 970 3344 firmam
987 3293 1059 3364 eolo.
1084 3295 1150 3351 inde

125 3361 160 3415 ab
179 3361 306 3416 Erasm¹
323 3360 415 3429 prima
435 3362 463 3415 A
485 3360 495 3434 Η
519 3359 555 3415 18
573 3360 654 3416 effert
671 3363 740 3433 eolp.
762 3361 844 3417 offert
864 3363 892 3416 A
913 3362 924 3435 Η
946 3361 982 3416 25
1000 3363 1033 3417 in
1050 3367 1151 3421 actore

126 3448 212 3500 quam
234 3432 371 3500 inopere
394 3432 475 3487 Gertz
497 3432 631 3488 inaetore.
664 3438 720 3503 qua
741 3434 856 3488 inonere
874 3434 902 3487 A
925 3433 956 3487 in
973 3431 1068 3490 latore
1088 3438 1150 3506 q.i.

119 3518 205 3558 onere
217 3505 379 3561 Pincianus
397 3503 428 3560 in
445 3506 556 3561 vectore
575 3505 636 3574 qi.
654 3521 738 3558 onere
756 3507 852 3559 melius
871 3505 983 3561 Gronov
1001 3504 1013 3579 ΙΙ
1031 3504 1070 3563 28
1088 3511 1151 3565 tem

107 3574 179 3645 eolq.
198 3575 262 3632 iam
275 3579 306 3636 A
328 3579 334 3655 Ι
355 3579 477 3654 negotia
495 3578 651 3638 tollendam
669 3576 886 3633 ceasetWotters
