2400 3840
125 210 189 275 236
307 208 337 262 L.
353 206 496 262 ANNAEI
515 207 680 262 SENECAE
699 207 794 262 DIAL.
809 207 876 264 LIB.
890 205 964 263 VIII.

125 374 206 437 opus
230 373 324 416 suum
347 356 470 437 spectet
488 376 530 417 an
548 356 677 436 tractet3
700 356 850 418 utrumne
873 354 1082 422 extrinsecus
1106 359 1157 423 lllr

124 441 336 507 circumfusus
360 442 402 507 sit
425 465 467 506 an
486 444 549 507 toti
567 443 702 526 inditus3
724 442 917 507 immortalis
940 442 983 508 sit
1006 447 1156 512 mundns

123 553 166 595 an
188 531 272 595 inter
295 532 415 597 caduca
437 535 470 596 et
493 532 533 596 ad
555 535 683 615 tempus
705 535 782 596 nata
803 531 1032 598 numerandus.
1074 535 1156 602 haec

125 619 181 702 qui
209 621 458 703 contemplatur,
488 621 566 705 quid
595 621 654 685 deo
685 621 848 704 praestat?
893 642 934 685 ne
960 625 1061 688 tanta
1086 625 1156 691 eius

125 731 222 792 opera
244 709 313 774 sinc
335 714 418 775 teste
441 709 492 775 sit.
1180 734 1191 774 s

90 834 104 882 1
213 815 252 881 V.
290 814 437 882 Solemus
456 815 559 881 dicere
574 838 736 881 summum
749 817 871 881 bonum
885 837 953 882 esse
968 820 1155 886 secundum

123 909 271 969 naturam
301 905 421 970 vivere:
452 909 568 970 natura
596 926 656 970 nos
686 906 726 970 ad
756 909 928 989 utrumque
957 908 1095 994 genuit,
1124 913 1156 975 ct

123 995 389 1079 contemplationi
410 1017 517 1059 rerum
541 997 574 1059 et
596 994 723 1060 actioni
761 994 843 1080 [32]
875 980 961 1061 ndnc
980 995 1016 1060 id
1033 1000 1154 1081 probe

124 1105 209 1167 mus,
237 1084 324 1167 quod
350 1084 440 1167 prius
466 1083 614 1147 diximus.
660 1084 738 1167 quid
760 1083 880 1168 porro?
908 1084 971 1150 hoc
994 1106 1068 1151 non
1093 1089 1154 1153 erit

123 1175 310 1257 probatum,
328 1173 356 1236 si
375 1195 408 1237 se
424 1174 644 1255 unusquisque
659 1174 870 1257 conculcent,
888 1176 1046 1257 quantam
1063 1177 1153 1262 cupi·
1169 1197 1190 1237 o

123 1262 231 1326 dinem
253 1261 370 1326 habeat
392 1261 504 1346 ignota
525 1261 691 1346 noscendi,
716 1283 813 1345 quam
836 1263 876 1327 ad
895 1263 1001 1327 omnis
1020 1264 1152 1331 fabulas

88 1349 302 1417 concitetur?
341 1350 496 1434 navigant
520 1350 650 1433 quidam
673 1354 705 1415 et
727 1351 853 1416 labores
876 1351 1151 1437 peregrinationis

122 1439 331 1523 longissImac
353 1461 418 1502 una
441 1440 585 1503 mercede
608 1440 833 1524 perpetiuntur
855 1443 1077 1525 cognoscendi
1097 1445 1152 1509 ali-

124 1527 202 1611 quid
234 1527 380 1591 abditum
411 1532 644 1611 remotumque.
696 1529 776 1595 haec
806 1551 856 1594 res
890 1530 930 1594 ad
961 1535 1153 1615 spectaculo

123 1617 262 1700 populos
290 1616 465 1700 contrahit,
491 1618 571 1683 haec
594 1617 682 1703 cogit
704 1620 872 1702 praeclusa
893 1619 1019 1702 rimari,
1047 1642 1151 1688 secre-
1168 1641 1188 1683 u

122 1704 206 1769 tiora
220 1705 400 1789 exquirere,
418 1706 625 1790 antiquitates
640 1709 800 1791 evolvere,
818 1729 923 1772 mores
936 1708 1151 1777 barbararum

88 1814 104 1860 3
123 1795 233 1859 audire
256 1794 415 1882 gentium:
438 1797 600 1861 curlosum
623 1797 716 1862 nobis
739 1801 855 1861 natura
872 1796 1040 1882 Ingenium
1061 1800 1152 1866 dedil

123 1887 155 1948 et
178 1884 255 1949 artis
279 1885 401 1950 sibiae
423 1885 672 1969 pulchritudinis
697 1909 772 1951 suae
796 1887 923 1951 conscia
946 1891 1151 1970 spectatores

122 1995 182 2039 nos
205 1975 303 2039 tantis
327 1997 434 2039 rerum
458 1975 648 2058 spectaculis
670 1976 795 2060 genuit,
817 1975 983 2059 perditura
1000 1976 1149 2045 fructum

123 2063 187 2146 sui,
217 2065 244 2128 si
274 2067 340 2127 tam
370 2085 502 2150 magna,
530 2068 598 2128 tam
626 2065 725 2148 clara,
754 2067 821 2128 tam
848 2064 1012 2130 subtililcr
1039 2066 1151 2152 ductu,
1166 2087 1189 2128 so

123 2157 190 2216 tam
221 2153 325 2217 nitida
353 2156 385 2216 et
412 2175 478 2217 non
506 2175 571 2218 uno
599 2174 715 2238 genere
738 2153 880 2218 formosa
903 2154 1075 2220 solitudini
1100 2179 1151 2222 os-

88 2240 276 2307 atenderet.
312 2244 350 2305 ut
373 2241 454 2306 scias
477 2242 567 2306 illam
591 2243 728 2324 spectari
751 2243 905 2324 voluisse,
926 2264 993 2308 non
1017 2247 1151 2311 tantum

123 2329 236 2412 aspici,
264 2329 337 2394 vide
365 2350 460 2413 quem
488 2331 581 2395 nobis
603 2330 712 2395 locum
737 2331 872 2397 dederit:
898 2331 933 2395 in
955 2332 1064 2399 media
1087 2358 1150 2401 nos

124 2417 174 2482 sui
203 2423 294 2500 parte
326 2419 495 2483 constituIt
523 2423 554 2484 et
582 2418 850 2502 circumspectum
878 2421 1023 2486 omnium
1050 2425 1150 2490 nobis

124 2506 224 2589 dedit3
260 2528 319 2571 nec
356 2507 457 2573 erexIt
487 2508 711 2572 tantummodo
743 2509 922 2594 hominem,
958 2510 1013 2576 sed
1048 2514 1150 2579 etiam
1167 2531 1189 2573 a

122 2595 263 2659 habilem
291 2596 557 2680 contemplationi
586 2597 724 2681 factura,
753 2602 790 2663 ut
817 2599 856 2664 ab
886 2603 959 2664 ortu
982 2599 1091 2666 sidera
1115 2603 1150 2668 in

124 2706 273 2749 occasum
308 2684 450 2750 labentia
485 2686 637 2770 prosequi
672 2691 782 2770 posset
818 2690 850 2752 ct
885 2690 1011 2753 voltum
1049 2694 1149 2757 suu'm

123 2772 328 2838 circumferre
352 2795 425 2839 cum
447 2779 533 2857 toto,
556 2775 693 2842 sublime
715 2777 793 2842 fecit
815 2777 864 2841 illi
887 2782 985 2862 caput
1007 2782 1041 2843 et
1061 2782 1149 2846 collo

123 2862 223 2927 flexili
245 2862 414 2948 imposuit;
437 2864 550 2929 deinde
574 2886 651 2930 sena
673 2887 730 2948 per
753 2866 851 2950 diem,
879 2888 955 2931 sena
983 2889 1044 2952 per
1070 2890 1150 2936 noc·

212 3074 230 3127 5
248 3078 304 3144 opa
317 3075 345 3129 A
367 3073 370 3146 t
392 3075 429 3128 sit
443 3075 488 3129 A.
509 3077 624 3143 rectius,
638 3082 670 3131 ut
682 3078 749 3144 oid,
767 3077 825 3131 sint
842 3079 911 3148 oolp.
931 3081 938 3147 Η
957 3077 975 3132 8
993 3077 1023 3131 id
1043 3079 1149 3148 probo·

122 3163 184 3199 mus
213 3145 293 3201 Gertz
317 3144 482 3215 iprobemus
500 3147 529 3201 A
553 3147 611 3200 iam
633 3165 675 3216 pr.
695 3150 807 3204 Etctert
832 3149 955 3218 primum
981 3167 1022 3219 pr.
1046 3152 1149 3209 Haase

123 3218 184 3284 (cfr.
208 3219 284 3286 epist.
306 3234 336 3286 p.
359 3220 420 3283 505,
433 3221 470 3272 24
496 3219 572 3288 adn.)
600 3236 639 3274 aa
665 3219 781 3289 conpr?
807 3219 817 3293 ll
846 3220 864 3275 9
887 3221 954 3289 quoi
978 3237 1064 3290 porro
1091 3222 1149 3279 hoe

124 3290 241 3358 Madutp
264 3288 274 3361 l]
296 3288 331 3343 15
349 3288 474 3359 polusari
492 3306 570 3344 mare
588 3291 617 3345 A
637 3307 705 3346 corr.
724 3291 793 3361 culp.
816 3291 827 3364 Η
848 3292 884 3346 16
901 3290 1089 3348 barbarorum
1103 3295 1149 3350 A¹

122 3377 190 3416 corr.
214 3359 256 3415 A⁶
282 3359 292 3432 Η
318 3360 354 3414 18
382 3359 492 3432 console
512 3362 541 3416 A
569 3361 579 3435 ll
608 3361 644 3415 26
670 3360 795 3416 habilem
823 3362 1094 3432 contemplationem
1117 3368 1148 3422 A

122 3447 190 3486 corr.
205 3433 322 3499 Lipsius
339 3430 465 3486 habilem
485 3432 522 3485 ad
541 3449 563 3486 c.
579 3434 659 3488 Koch
676 3432 686 3506 tl
704 3433 740 3487 28
754 3450 817 3487 cum
835 3435 911 3488 totos
925 3436 953 3489 A
970 3436 1044 3490 aa&
1062 3436 1148 3493 θετέα

123 3518 185 3556 cum
204 3503 278 3570 toto,
298 3519 329 3556 os
347 3503 530 3558 consenesce
547 3505 717 3559 obversatum
735 3521 789 3560 esre
807 3506 959 3562 arbitratae
978 3506 1057 3562 ovid.
1074 3510 1140 3565 Met

107 3574 227 3644 [Absq.
248 3574 260 3647 s
279 3575 375 3646 capud
390 3574 472 3634 AA¹
485 3593 556 3634 corr.
571 3575 613 3635 Αδ
633 3577 662 3632 ct
680 3577 770 3646 caput
783 3576 865 3631 Gesta
