2400 3840
273 164 323 221 DE
342 163 574 221 CONSTANTIA
592 163 780 220 SAPIENTIS
799 163 876 221 GAP.
892 170 926 220 18
1064 169 1109 234 43

89 311 246 379 Chaereae
265 315 391 396 contra,
408 311 538 376 tribuno
552 310 708 395 militum,
726 333 830 377 sermo
847 333 916 376 non
932 333 993 396 pro
1011 334 1109 377 manu
1128 331 1144 378 3

89 407 170 486 erat,
200 401 373 488 languidus
407 422 486 466 sono
519 403 591 484 ets
595 400 630 464 ni
659 400 745 466 faeta
766 422 892 484 nosses,
923 401 1109 485 suspectior.

88 492 164 558 huic
188 489 285 557 Gaius
309 492 437 576 signum
461 489 583 574 petenti
603 488 700 554 modo
715 487 863 573 Veneris,
885 489 983 555 modo
1001 489 1110 575 Priapi

87 581 185 646 dabat
208 581 301 645 aliter
323 583 419 664 atque
443 579 536 644 aliter
558 579 754 662 exprobrans
778 581 901 644 armato
924 580 1111 665 mollitiam

57 671 167 736 ahaec
191 671 261 754 ipse
290 669 487 754 perlucidus,
517 667 713 752 crepidatus,
739 671 877 734 auratus.
924 669 1031 755 coegit
1053 669 1111 733 ita-

89 782 151 844 que
183 760 277 823 illum
308 758 358 822 nti
388 758 489 841 ferro,
519 779 560 821 ne
592 757 718 841 saepius
746 757 875 843 signum
897 760 1032 840 peteret:
1055 757 1111 823 illa

88 849 212 932 primus
241 849 325 912 inter
348 846 531 913 coniuratos
555 868 687 911 manum
710 846 854 930 sustulit,
876 845 932 911 ille
955 847 1111 913 cervicem

88 936 227 1002 mediam
258 959 323 1002 nno
356 937 424 1002 ictu
455 935 587 1020 decidit3
617 935 794 1019 plurimum
826 934 939 1001 deinde
969 936 1111 1020 undique

87 1026 233 1112 publicas
265 1047 303 1091 ac
333 1025 475 1111 privatas
506 1024 639 1091 iniurias
671 1023 895 1090 ulciscentium
929 1024 1111 1110 gladiorum

42 1139 69 1178 ro
88 1117 249 1202 ingestum
275 1118 336 1196 est,
367 1115 422 1181 sed
451 1114 575 1199 primus
598 1115 648 1178 vir
674 1114 752 1197 fuit,
781 1114 837 1198 qui
867 1113 999 1179 minime
1019 1113 1111 1180 visus

88 1208 143 1271 est.
177 1209 210 1270 at
228 1204 313 1270 idem
329 1202 426 1270 Gaius
446 1203 555 1268 omnia
577 1203 788 1269 contumelias
810 1203 959 1287 putabat,
981 1206 1018 1267 ut
1036 1205 1146 1268 sunta

87 1294 289 1360 ferendarum
312 1294 504 1378 inpatientes
528 1293 746 1358 faciendarum
769 1292 984 1377 cupidissimi3
1010 1292 1111 1358 iratus

87 1384 150 1448 fuit
172 1383 336 1449 Herennio
365 1383 491 1467 Macro,
520 1381 607 1467 quod
637 1383 730 1447 illum
760 1379 876 1447 Gaium
909 1382 1111 1466 salutaverat,

86 1495 146 1539 nec
169 1474 300 1558 impune
324 1473 419 1538 cessit
441 1472 649 1557 primipilari,
671 1470 759 1557 quod
775 1469 955 1557 Caligulam
974 1470 1111 1555 dixerat;

43 1581 69 1622 rc
86 1563 150 1627 hoc
173 1563 259 1627 enim
281 1563 316 1626 in
338 1562 451 1628 castris
473 1565 568 1627 natus
587 1565 619 1626 et
642 1561 790 1627 alumnus
813 1561 979 1646 legionum
1001 1560 1112 1626 vocari

88 1651 225 1733 solebat,
256 1651 347 1714 nullo
379 1651 510 1714 nomine
541 1651 698 1716 militibus
730 1650 921 1715 familiarior
956 1671 1111 1734 umquam

89 1738 208 1821 factus,
230 1737 285 1802 sed
308 1738 373 1802 iam
392 1736 571 1824 Caligulam
594 1739 776 1804 convicium
799 1742 831 1804 et
853 1739 1008 1822 probrum
1031 1739 1112 1803 iudi-

90 1826 183 1890 cabat
212 1829 407 1890 coturnatos.
453 1848 530 1911 ergo
556 1826 620 1891 hoo
642 1827 749 1910 ipsum
773 1828 893 1892 solacio
917 1829 992 1911 erit,
1014 1829 1145 1892 etiams

89 1916 250 1980 sinestra
272 1914 410 1980 facilitas
433 1915 590 1979 ultionem
616 1916 774 1998 omiserit,
802 1916 948 1980 futurum
971 1916 1111 1999 aliquem

43 2025 71 2065 ao
89 2004 145 2089 qui
175 2026 296 2089 poenas
327 2004 434 2089 exigat
462 2027 481 2068 a
508 2023 642 2087 procace
666 2007 698 2068 et
721 2005 858 2087 superbo
887 2007 919 2069 et
946 2004 1112 2090 iniurioso,

88 2115 169 2177 quae
192 2092 272 2158 vitia
302 2114 468 2177 nunquam
500 2093 535 2156 in
565 2112 631 2157 uno
663 2092 794 2157 homine
821 2097 854 2158 et
885 2092 920 2156 in
945 2114 1011 2157 una
1037 2114 1111 2159 con·

86 2182 240 2248 tumelia·
261 2185 502 2248 consumuntur.
557 2181 767 2268 respiciamus
808 2204 919 2247 eorum
956 2182 1111 2267 exempla,

88 2271 416 2356 quorum-laudamus
439 2272 643 2356 patientiam,
667 2275 704 2336 ut
728 2269 883 2354 Socratis,
906 2271 963 2355 qui
985 2292 1111 2337 comoe-

87 2361 212 2425 diarum
242 2361 423 2445 pnblicatos
453 2361 488 2425 in
517 2383 551 2427 se
581 2364 613 2425 et
640 2363 800 2444 spectatos
824 2360 905 2426 sales
928 2361 1110 2444 importem

41 2468 69 2510 aa
86 2450 205 2515 bonam
228 2451 353 2534 aceepit
374 2451 509 2533 risitque
531 2471 598 2514 non
616 2449 723 2515 minus
742 2470 839 2534 quam
858 2470 933 2515 eum
951 2450 991 2514 ab
1010 2471 1110 2515 uxore

86 2537 272 2623 Xanthippe
306 2539 461 2604 inmunda
497 2560 581 2622 aqna
616 2538 868 2623 perfunderetur.
923 2536 1110 2604 Antistheni

87 2631 190 2692 mater
218 2628 354 2693 barbara
386 2632 418 2693 et
449 2627 606 2694 Thraessa
637 2627 848 2712 obiciebatur3
879 2627 1044 2712 respondit
1078 2631 1110 2692 et

88 2716 220 2781 deorum
242 2721 378 2783 matrem
400 2715 529 2782 Idaeam
552 2720 651 2783 esse·

177 2837 194 2892 1
221 2838 317 2894 charra
347 2837 531 2911 peontribuno
554 2837 596 2894 A¹
624 2839 738 2912 cherrep
758 2803 946 2912 lseontribuno
970 2840 1012 2895 Α8
1039 2857 1107 2896 cerr.

87 2908 249 3037 Gertrpd
271 2910 425 2981 languidas
444 2909 487 2966 A⁸
509 2911 573 2964 -doe
591 2910 634 2965 A¹
657 2911 661 2983 1
690 2910 825 2980 inpacta
843 2912 934 2966 noctis
953 2910 1110 2981 suspeetior

86 2982 158 3036 coci.
213 2986 269 3036 crta
298 2981 422 3037 infracta
446 2997 514 3037 voce
537 3000 563 3035 s·
586 2981 646 3038 edd.
668 2983 830 3041 aoteFict.
863 2981 867 3054 1
895 2982 1020 3038 dmodo
1045 2989 1110 3039 cate

86 3052 183 3121 priapi
195 3069 217 3107 e.
227 3070 251 3108 v.
267 3053 332 3107 add.
343 3053 385 3108 A⁸
402 3052 412 3126 Η
430 3052 448 3108 8
467 3053 574 3108 decidit
588 3056 616 3109 A
635 3052 707 3107 disc·
721 3055 802 3109 Piae.
816 2982 876 3109 cett.
891 3054 965 3110 Suet.
981 3054 1040 3110 Gal.
1050 3057 1087 3108 58
1106 3053 1111 3126 Ι

87 3122 122 3177 11
141 3123 186 3176 Ad
200 3126 228 3179 A
249 3123 253 3197 1
274 3122 397 3193 putabat
414 3126 447 3178 ut
461 3125 580 3194 Madvig
597 3123 729 3194 (putabat
742 3126 800 3180 tom
813 3127 921 3189 Manet)
940 3125 1068 3194 putatet

86 3195 192 3264 putans
214 3197 247 3249 ut
265 3196 403 3266 Beripara.
423 3208 493 3250 aas
515 3194 692 3264 putabat-
714 3197 743 3250 et
766 3198 832 3250 sunt
850 3195 979 3281 <lere>
1002 3194 1107 3250 ferend.

88 3266 318 3334 ⁶
334 3265 1112 3418 petraepolicinaeeo

86 3408 239 3463 thumatus
266 3411 346 3465 Piae.
362 3427 396 3466 ea
414 3410 487 3466 aaut.
506 3410 563 3465 Gal.
579 3413 623 3477 52,
641 3409 689 3465 aed
711 3411 767 3479 cfr.
784 3411 880 3467 Haec
898 3407 941 3461 od
959 3407 1138 3472 egat-'1523

86 3482 126 3548 (p.
139 3482 240 3549 268,7)
255 3479 440 3536 conturbatus
454 3483 482 3538 A
500 3480 512 3558 t
528 3481 567 3539 28
586 3483 719 3540 socrates
736 3480 850 3628 ANK
861 3482 896 3533 et
905 3473 1071 3544 epacta-tas
1081 3467 1166 3558 adp·

85 3552 247 3618 expectatos
258 3553 287 3608 A
303 3551 319 3627 d
333 3552 371 3612 27
389 3555 544 3615 ethraessa
561 3557 592 3616 A
610 3575 688 3616 corr.
702 3559 779 3614 aaz
801 3550 872 3627 118
892 3548 1042 3614 idjam
1062 3536 1123 3587 A*
