2400 3840
284 200 287 208 .
321 203 323 207 ,
367 157 416 212 DE
435 156 688 212 PROVIDENTIA
707 155 816 210 (ΒΑΜ
858 204 859 207 ,
1058 159 1099 223 13

80 303 244 369 felicitatis
267 302 516 387 intemperantia
538 305 601 368 est:
623 305 733 366 movet
751 302 931 386 cerebrum,
953 301 988 367 iu
1002 323 1099 367 vanas

80 397 204 458 mentes
223 392 380 479 imagines
399 394 527 475 evocat,
549 392 688 456 multum
706 392 792 456 inter
804 391 922 457 falsum
937 412 975 457 ac
988 413 1100 456 verum

79 482 204 547 mediae
234 481 381 568 caliginis
410 481 526 545 fundit.
572 480 685 564 quidni
715 480 814 546 satius
843 481 885 545 sit
911 484 1100 564 perpetuam

79 572 303 637 infelicitatem
333 570 489 635 advocata
510 569 630 634 virtute
657 570 815 634 sustinere
845 592 942 654 quam
964 569 1100 634 infinitis

48 665 178 744 satque
200 659 382 725 immodicis
405 659 499 724 bonis
517 657 648 743 rumpi?
676 659 780 723 lenior
797 658 917 724 ieiunio
936 680 1023 724 mors
1042 661 1101 742 est,

80 750 239 816 cruditate
258 748 429 814 dissiliunt.
460 748 545 812 hano
561 747 672 831 itaque
689 747 849 812 rationem
863 748 908 811 dii
922 751 1101 831 sequuntur
1121 767 1152 815 11

80 841 117 903 in
150 839 244 904 bonis
271 839 348 902 viris
383 859 480 920 quam
511 837 547 901 in
578 836 744 920 discipulis
775 837 841 901 suis
868 841 1102 921 praeceptores,

82 928 140 1012 qui
161 929 235 1012 plus
258 927 378 992 laboris
401 926 442 991 ab
465 927 494 990 is
517 925 665 1011 exigunt,
689 926 725 990 in
748 925 864 1010 quibus
888 926 1006 990 certior
1027 946 1100 1010 spes

81 1021 139 1082 est.
191 1017 338 1100 nunquid
367 1019 405 1079 tu
433 1014 555 1080 invisos
586 1035 655 1079 esse
688 1013 950 1079 Lacedaemoniis
982 1015 1101 1080 liberos

35 1128 62 1168 ro
81 1127 157 1172 suos
181 1105 298 1189 credis,
326 1126 465 1188 quorum
488 1105 695 1188 experiuntur
716 1104 858 1169 indolem
881 1104 1010 1188 publice
1032 1126 1101 1168 ver·

80 1196 211 1261 beribus
244 1193 405 1261 admotis?
457 1193 522 1277 ipsi
552 1193 626 1258 illos
663 1196 771 1276 patres
803 1193 1029 1276 adhortantur,
1064 1196 1102 1257 ut

80 1286 164 1350 ictus
188 1285 392 1370 flagellorum
414 1282 542 1348 fortiter
564 1281 736 1366 perferant,
759 1286 792 1347 et
813 1284 936 1347 laceros
953 1304 990 1348 ac
1009 1282 1102 1347 semi-

81 1374 203 1440 animes
220 1376 353 1461 rogant,
369 1376 576 1456 perseverent
588 1372 722 1436 vulnera
739 1372 892 1456 praebere
905 1372 1101 1438 vulneribus.

82 1463 160 1547 quid
182 1464 315 1546 mirum,
338 1462 366 1526 si
389 1462 468 1526 dure
490 1481 662 1546 generosos
686 1461 818 1543 spiritus
842 1461 919 1526 deus
942 1459 1102 1544 temptat?
1122 1483 1153 1532 12

36 1575 62 1614 rs
80 1574 259 1636 numquam
289 1551 418 1616 virtutis
452 1550 552 1615 molle
589 1549 818 1614 documentum
853 1554 909 1616 est.
954 1551 1102 1616 verberat

81 1663 142 1705 nos
174 1645 208 1704 et
236 1642 358 1706 lacerat
388 1639 532 1706 fortuna:
564 1639 738 1722 patiamurl
783 1661 851 1704 non
882 1643 931 1704 est
961 1640 1102 1722 saevitia,

83 1732 246 1793 certamen
277 1732 339 1811 est,
371 1729 457 1811 quod
488 1749 548 1812 qao
580 1728 706 1812 saepius
736 1728 921 1812 adierimus,
952 1728 1101 1795 fortiores

84 1817 217 1881 erimus:
247 1816 441 1883 solidissima
470 1817 613 1901 eorporis
643 1838 716 1901 pars
748 1821 797 1882 est
827 1839 923 1901 quam
950 1817 1101 1902 frequens

83 1927 162 1971 usus
193 1905 338 1991 agitavit.
382 1906 555 1990 praebendi
584 1906 734 1971 fortunae
766 1928 892 1990 sumus,
922 1911 960 1970 ut
991 1911 1103 1971 contra

36 2019 64 2058 ro
81 1997 173 2060 illam
197 1995 237 2061 ab
260 1995 332 2079 ipsa
354 1995 518 2060 duremur:
541 1995 697 2079 paulatim
720 2017 780 2061 nos
804 1995 866 2060 sibi
886 2017 979 2079 pares
997 1994 1103 2080 faciet,

82 2088 306 2168 contemptum
333 2085 550 2168 periculorum
580 2084 755 2149 adsiduitas
778 2084 982 2169 periclitandi
1004 2085 1102 2151 dabit.

82 2175 129 2241 sic
159 2177 236 2238 sunt
258 2173 395 2239 nauticis
420 2196 555 2258 corpora
577 2174 709 2238 ferendo
731 2175 814 2239 mari
837 2175 930 2258 dura,
953 2175 1102 2260 agricolis
1122 2195 1155 2242 13

82 2284 197 2328 manus
214 2262 322 2346 tritae,
345 2264 386 2329 ad
404 2263 595 2328 excutienda
612 2264 678 2328 tela
691 2263 846 2328 militares
859 2263 972 2329 lacerti
984 2265 1103 2347 valent,

81 2353 180 2439 agilia
215 2356 292 2418 sunt
328 2353 473 2418 membra
507 2352 703 2417 cursoribus:
736 2353 770 2417 id
801 2354 837 2418 in
868 2374 997 2437 quoque
1029 2354 1102 2417 soli-

171 2527 341 2583 fmentesA
351 2529 475 2582 mentem
488 2528 547 2583 edd.
559 2529 661 2584 multae
669 2526 679 2600 ΙΙ
692 2527 820 2596 3ᾳηὶᾱηὶ
830 2529 919 2582 satius
928 2530 1024 2584 Murci
1033 2529 1102 2597 quid

82 2614 118 2652 ne
131 2598 156 2652 is
171 2598 260 2653 satius
272 2601 300 2654 A
313 2598 323 2672 ll
336 2599 458 2654 ticiano
469 2600 576 2655 Hosius
588 2599 598 2672 ΙΙ
611 2599 681 2653 lidii
691 2601 827 2668 sequntur
837 2599 887 2725 Ag
898 2601 912 2654 7
923 2602 1102 2669 preceptores

81 2667 188 2724 laboris
198 2670 331 2737 Actora
343 2672 409 2725 haec
422 2671 505 2725 verba
518 2688 539 2726 s.
549 2689 573 2726 v.
584 2672 648 2726 add.
659 2671 702 2726 A²
711 2671 760 2740 qui
773 2670 838 2739 plus
847 2670 857 2743 ll
902 2670 973 2742 absis
983 2671 1024 2725 A¹
1033 2688 1101 2726 corr.

81 2743 114 2795 in
129 2740 224 2813 abshis
234 2741 276 2796 A⁶
285 2740 295 2814 ll
308 2741 326 2796 9
339 2742 468 2809 nunquid
478 2744 506 2797 A
519 2741 529 2814 ll
542 2742 578 2796 10
591 2741 736 2809 uerberib3
752 2744 830 2810 (corr.
846 2759 880 2796 ex
896 2741 1024 2811 uerbere)
1039 2743 1081 2797 A1
1093 2742 1103 2815 ll

82 2812 123 2866 16λ
135 2812 281 2882 patiamur
294 2813 390 2867 Marci
405 2814 532 2881 patimur
546 2816 573 2868 A
596 2813 605 2885 ll
629 2813 662 2868 17
683 2813 758 2882 quod
777 2830 832 2882 quo
851 2821 877 2868 et
895 2815 928 2869 P.
942 2815 1059 2869 rumas
1078 2822 1104 2870 et

81 2900 129 2954 eqo
157 2901 212 2952 quo
235 2884 267 2938 id
286 2884 369 2940 Gertz
393 2884 468 2953 quod
487 2884 529 2939 A¹
547 2885 623 2954 quod
641 2885 667 2939 si
684 2885 726 2940 A⁶
750 2885 760 2958 ll
789 2884 824 2939 18
845 2892 909 2940 cate
932 2885 1102 2939 solidissima

83 2955 221 3038 (iectast
244 2955 308 3039 cdd.
339 2957 395 3039 alii
413 2962 463 3010 cut
480 2957 562 3010 cerba
581 2955 751 3010 solidissima
767 2998 884 3010 ......
900 2957 1021 3026 agitarit
1038 2964 1104 3026 post

80 3025 1103 3179 crassissimisassistricemsicar}

81 3186 129 3238 epo
151 3186 244 3224 vereor
266 3187 300 3224 ree
322 3171 364 3224 ita
385 3172 477 3238 ipsam
495 3169 625 3225 Senecam
643 3173 812 3241 corripamas
835 3171 845 3244 ll
872 3171 908 3226 20
931 3171 1063 3224 duremur
1086 3183 1103 3223 s

81 3239 214 3295 duremus
233 3241 275 3296 A¹
297 3242 340 3310 (us
359 3242 518 3310 compendio
536 3243 616 3298 solito
634 3259 701 3310 cer.;
718 3244 801 3297 iuxta
818 3243 919 3313 stylum
937 3241 979 3295 A⁶
997 3243 1102 3296 litteras

80 3328 115 3365 us
141 3312 216 3381 add.)
243 3312 246 3384 l
272 3311 359 3367 faciet
382 3314 461 3368 Koch
488 3313 577 3367 faciat
598 3316 625 3368 A
645 3313 655 3386 Η
679 3313 715 3367 22
734 3315 841 3370 sicsunt
863 3330 930 3368 corr.
953 3329 987 3366 ex
1012 3312 1102 3367 sisunt

80 3384 145 3450 sort.
165 3383 208 3439 A¹
233 3382 236 3454 Ι
261 3383 376 3439 ferendo
399 3386 469 3454 culp.
493 3384 634 3439 efferendo
656 3385 699 3439 A¹
724 3386 772 3440 sed
799 3385 830 3439 ef
854 3400 921 3439 corr.
944 3400 978 3438 ex
999 3383 1023 3453 ej
1045 3387 1102 3440 sice

80 3455 149 3580 qqid
178 3455 364 3580 qlichaatea
386 3457 449 3522 fait.
483 3457 605 3511 nauticis
632 3456 717 3511 fortia
743 3472 792 3511 ora
819 3457 847 3509 et
872 3454 988 3510 ferendo
1011 3474 1047 3511 m.
1071 3460 1102 3511 io

116 3526 179 3580 iar
198 3531 234 3582 89
281 3533 336 3582 eriz
