2400 3840
125 214 191 280 328
307 211 352 267 ·Ιι.
367 209 509 264 ANNAEI
527 207 691 266 SENECAE
709 208 804 265 DIAL.
818 208 886 265 ΗΒ.
899 206 947 264 ΧΙ.

125 356 208 422 ficiis
233 355 404 441 imperium
427 355 627 420 custodiatur
649 376 746 438 quam
764 354 875 440 armis,
897 354 955 421 illo
974 356 1069 440 rebus
1088 356 1150 422 hu-

126 445 230 511 manis
261 444 456 530 praesidente
485 465 552 508 non
581 447 630 508 est
656 443 850 527 periculum,
877 445 1019 529 nequid
1042 445 1151 529 perdi·

126 534 210 600 disse
240 538 273 598 te
300 533 433 618 sentias;
467 533 503 597 in
529 534 592 598 hoc
618 554 683 597 uno
711 532 771 597 tibi
804 533 882 598 satis
913 533 1067 618 praesidi,
1097 557 1150 601 so·

125 624 189 688 laci
218 626 275 689 est.
326 623 438 688 attolle
460 625 493 688 te
516 625 561 705 et,
591 622 739 706 quotiens
762 622 913 687 lacrimae
936 623 1151 689 suboriuntur

127 711 230 778 oculis
262 711 343 797 tuis,
374 711 492 776 totiens
524 712 598 777 illos
630 711 666 774 in
695 708 861 776 Caesarem
894 711 1016 797 derige:
1047 709 1156 778 sicca'
1184 735 1196 775 s

126 802 247 866 buntur
269 801 402 865 maximi
424 804 457 865 et
479 799 648 866 clarissimi
667 803 842 884 conspectu
859 802 1015 886 numinis3
1037 800 1152 888 fulgor

126 891 194 955 eius
218 891 307 971 illos,
330 894 367 955 ut
389 889 472 954 nihil
495 889 584 954 aliud
606 889 733 973 possint
755 888 910 973 aspicere,
932 891 1151 977 praestringet

89 994 107 1043 4
127 983 159 1045 et
181 978 217 1044 in
239 1001 272 1045 se
295 978 461 1044 haerentes
486 978 649 1043 detinebit.
694 977 749 1042 hic
766 977 841 1061 tibi,
863 999 960 1061 quem
977 983 1015 1045 tu
1033 979 1150 1046 diebus

126 1068 262 1135 intueris
291 1090 328 1134 ac
350 1067 514 1152 noctibus,
541 1090 561 1131 a
583 1088 648 1151 quo
670 1088 848 1150 numquam
872 1067 969 1133 deicis
993 1068 1150 1153 animum,

126 1158 316 1244 cogitandus
343 1160 404 1241 est,
432 1156 486 1222 hic
509 1160 622 1222 contra
642 1156 807 1220 fortunam
829 1156 1041 1222 advocandus.
1087 1180 1150 1225 nec
1171 1179 1196 1219 ro

126 1247 255 1329 dubito,
283 1268 357 1312 oum
384 1249 476 1310 tanta
502 1245 552 1309 illi
580 1244 731 1310 adversus
759 1266 869 1310 omnes
894 1267 969 1311 suos
993 1246 1036 1311 sit
1058 1269 1151 1313 man·

127 1335 262 1400 suetudo
286 1338 440 1417 tantaque
463 1333 680 1419 indulgentia,
703 1333 783 1418 quin
805 1335 870 1398 iam
888 1334 999 1400 multis
1018 1336 1150 1403 solaciis

125 1428 218 1489 tuum
246 1423 333 1487 istud
355 1424 473 1488 vulnus
497 1422 681 1506 obduxerit,
707 1423 772 1487 iam
795 1424 910 1508 multa,
938 1445 1020 1508 quae
1043 1425 1152 1491 dolori

126 1512 291 1577 obstarent
309 1515 377 1595 tuo,
395 1512 599 1597 congesserit.
637 1510 715 1595 quid
728 1513 848 1596 porro?
883 1516 921 1578 nt
934 1513 1017 1577 nihil
1029 1513 1151 1580 horum

125 1600 250 1686 fecerit,
273 1621 382 1666 nonne
404 1601 552 1685 protinus
575 1601 645 1685 ipse
669 1604 860 1686 conspectus
879 1625 936 1686 per
955 1623 989 1668 sa
1006 1607 1152 1669 tantum·
1171 1623 1196 1669 15

126 1689 221 1755 modo
255 1689 481 1776 cogitatusque
511 1687 627 1755 Caesar
657 1690 798 1755 maximo
831 1691 951 1756 solacio
984 1691 1045 1757 tibi
1078 1693 1153 1759 est?

89 1791 106 1842 o
126 1779 172 1844 dii
194 1779 288 1844 illum
311 1779 451 1862 deaeque
469 1778 562 1844 terris
582 1778 638 1843 diu
656 1780 874 1844 commodent!
919 1784 991 1846 acta
1008 1780 1062 1846 hic
1081 1781 1152 1848 divi

125 1868 268 1954 Augusti
295 1872 424 1952 aequet,
451 1889 553 1933 annos
580 1869 703 1933 vincat!
750 1890 846 1951 quam
874 1869 931 1933 diu
957 1869 1042 1934 inter
1064 1893 1152 1937 mor·

124 1959 205 2023 tales
238 1957 314 2041 erit,
344 1957 427 2025 nihil
459 1980 498 2022 ex
530 1957 626 2022 domo
659 1979 717 2025 sua
749 1959 884 2023 mortale
916 1979 984 2024 esse
1016 1961 1152 2026 sentiat!

125 2050 283 2112 rectorem
307 2046 454 2112 Romano
482 2047 618 2130 imperio
646 2046 750 2111 filium
777 2047 876 2133 longa
903 2048 967 2112 fide
990 2050 1153 2132 approbet
1171 2070 1197 2112 ao

126 2139 158 2200 et
180 2139 255 2201 ante
278 2135 359 2200 illud
382 2139 563 2202 consortem
586 2136 687 2220 patris
711 2157 808 2219 quam
829 2157 1045 2203 successorem
1064 2139 1152 2223 aspi·

126 2224 202 2288 ciati
248 2246 320 2289 sera
347 2228 379 2289 et
406 2224 580 2310 nepotibus
608 2224 737 2291 demum
760 2225 879 2290 nostris
904 2226 970 2290 dies
993 2229 1073 2292 nota
1096 2227 1152 2314 sit,

127 2334 190 2396 qua
212 2313 305 2377 illum
330 2335 407 2398 gens
431 2335 489 2380 sua
511 2313 599 2379 caelo
623 2314 755 2379 asserat!
756 2326 770 2401 ,1

217 2574 234 2628 2
259 2576 439 2644 praesidente
460 2578 647 2635 Erosaeeaet
664 2579 692 2632 B
714 2595 749 2633 m.
767 2582 787 2632 2
810 2580 842 2633 ia
864 2597 950 2651 marg.
976 2579 1108 2649 praeside
1129 2583 1155 2639 0

127 2646 251 2716 presidis
261 2648 292 2700 E
306 2646 309 2719 l
326 2665 384 2701 non
392 2648 454 2702 DE
466 2664 517 2702 nec
527 2650 592 2703 ΒΗ
596 2648 622 2704 G
635 2648 644 2721 Η
657 2649 676 2703 3
688 2649 821 2718 praesidi,
832 2650 919 2705 solaci
928 2652 1028 2720 screbat
1039 2653 1154 2719 presidi

127 2717 223 2789 solatii
242 2718 266 2773 O
288 2719 336 2773 sed
359 2719 428 2772 satis
451 2727 514 2774 cate
537 2720 633 2774 solatii
656 2721 720 2774 odd.
739 2722 771 2776 ia
784 2723 812 2776 Β
830 2739 864 2776 m.
879 2726 898 2777 2
919 2723 950 2777 ta
970 2739 1055 2792 mere.
1076 2725 1154 2792 qaod

126 2791 203 2860 ootpo
220 2790 355 2858 recipitur
367 2790 377 2863 Η
394 2789 412 2843 t
427 2790 518 2860 dirige
531 2791 555 2847 Ο
572 2791 693 2861 dirigere
706 2793 737 2846 D
751 2809 819 2847 coer.
836 2792 917 2848 cene
929 2792 939 2865 lt
957 2793 975 2847 d
988 2793 1113 2849 numinis
1129 2796 1155 2852 0

129 2861 260 2915 minimus
281 2861 307 2916 G
330 2868 356 2916 et
378 2862 483 2916 ataid.
503 2863 538 2915 H
556 2861 670 2917 luminis
692 2863 793 2918 Grates
811 2870 837 2919 et
855 2865 970 2932 Lipsius
994 2863 1009 2990 t
1029 2864 1065 2918 13
1090 2864 1154 2921 iam

127 2932 217 2987 multa
232 2933 369 2988 Schultess
386 2949 443 2987 non
456 2933 547 2987 multa
564 2935 587 2988 0
604 2933 695 2987 multa
705 2936 801 2990 Haase
814 2936 923 2990 monita
936 2935 996 2989 mul
1010 2951 1027 2989 a
1042 2935 1128 2993 Gertz
1141 2939 1154 3012 ΙΙ

127 3004 161 3058 17
181 3004 223 3058 dii
237 3004 301 3059 ΒΗ
325 3004 328 3075 l
352 3010 416 3073 post
441 3004 548 3072 deeque
569 3006 598 3059 B
620 3007 652 3059 ta
671 3023 757 3076 marp.
778 3022 873 3060 omnes
891 3008 982 3074 boba,
1001 3013 1034 3062 at
1050 3008 1122 3080 colpe
1147 3013 1152 3083 Ι

128 3075 306 3130 commodent
323 3092 397 3130 caes
417 3075 531 3130 Grutere'
548 3083 574 3131 et
587 3078 615 3131 B
633 3081 652 3131 2
670 3094 704 3131 m.
724 3078 920 3133 commendent
939 3079 963 3133 0
982 3079 985 3150 l
1011 3079 1077 3133 acta
1097 3121 1126 3135 ..
1145 3127 1152 3138 .

126 3147 224 3201 uincet
247 3147 324 3202 codd.
348 3146 460 3202 Gentem
483 3153 508 3201 et
530 3148 567 3202 N.
584 3148 675 3202 Fabri
700 3150 764 3201 acta
786 3148 834 3203 hic
857 3149 917 3203 diui
941 3150 1072 3220 augustie
1094 3169 1154 3222 qus

127 3220 186 3272 tam
211 3235 262 3272 nos
287 3217 387 3272 uincat
407 3220 436 3273 B
461 3218 586 3288 (augusti
611 3221 714 3287 aequet
740 3236 827 3274 annos
852 3239 886 3276 m.
906 3225 925 3276 2
946 3223 978 3276 e‘a
1000 3223 1100 3292 marg.)
1125 3233 1156 3282 et

127 3291 219 3344 eadem
236 3291 294 3357 fere
308 3291 343 3345 H
347 3290 406 3346 GV
419 3291 448 3344 et
462 3289 569 3344 facient
581 3291 653 3345 utD
673 3292 702 3345 et
714 3290 804 3345 faciat
816 3293 849 3345 ut
858 3293 889 3346 E
905 3292 915 3365 ll
933 3292 969 3347 20
981 3292 1111 3348 Romano
1121 3296 1154 3351 B

127 3360 250 3414 humano
265 3361 289 3416 O
304 3360 314 3432 ll
332 3361 367 3414 21
382 3361 454 3414 illud
467 3361 603 3416 Schultess
620 3361 701 3415 illum
718 3364 741 3418 0
756 3362 760 3436 Ι
777 3363 899 3432 aspiciat
912 3365 974 3419 BV
988 3364 1114 3433 accipiat
1128 3369 1157 3425 0

128 3431 208 3484 illum
225 3474 230 3485 .
246 3475 252 3486 .
269 3474 275 3486 .
290 3432 462 3500 aspiciamus
477 3432 560 3487 Gertz
578 3432 659 3486 illum
674 3476 679 3488 .
696 3474 702 3488 .
718 3475 724 3488 .
740 3435 864 3503 accipiat
877 3436 945 3506 votp.
967 3435 1019 3506 [aa
1033 3435 1154 3494 demum

124 3519 200 3556 enus
220 3503 335 3557 Graecei
352 3510 379 3558 et
395 3505 463 3575 oolp.
483 3503 586 3558 deinde
605 3504 691 3574 (deiri)
713 3506 735 3559 O
757 3505 767 3577 ll
791 3505 827 3559 23
850 3522 906 3575 qua
923 3523 957 3562 oo
967 3524 993 3578 9.
1013 3522 1101 3576 quam
1121 3511 1154 3566 B

113 3587 202 3638 quam
224 3574 253 3630 0
265 3592 353 3645 quom
377 3577 461 3635 Gertz
482 3576 488 3653 l
508 3578 620 3634 asserat
636 3577 661 3633 B
680 3574 822 3631 alteratG
