2400 3840
122 178 186 245 186
315 175 346 232 Is.
360 173 505 236 ANNAEI
520 172 686 231 SENECAE
703 173 798 235 Dies.
812 174 880 231 LIB.
894 173 941 231 vl.

120 320 258 406 simplici
278 341 352 391 cum
370 320 486 386 dolore·
499 319 649 406 pudenda
667 320 862 405 cumntium3
884 323 960 406 post
977 320 1057 388 hsec
1075 320 1140 389 exi·

119 409 200 479 lium
228 407 309 497 (non
335 409 399 476 fuit
421 409 622 477 innocentior
643 409 730 476 filius
752 413 830 477 tuus
852 408 1140 497 quamunitas),

120 519 279 567 carcerem
293 496 375 585 (usu
387 498 451 565 fuit
464 498 640 584 sapientior
653 521 751 583 quem
765 496 938 586 Soorstes),
955 499 1138 569 voluntario

119 589 250 658 volnere
283 587 476 655 bsusfixum
512 591 626 672 pectus
656 585 738 674 (uon
772 587 836 659 fuit
867 588 1138 692 sanctiorcusm

120 675 228 765 Osto):
252 698 325 743 cum
349 677 411 742 ists
432 676 646 762 perspexeris,
669 677 750 743 scies
773 677 894 762 optime
917 697 993 745 cum
1019 699 1048 743 rs
1076 679 1139 764 ogi,
1171 700 1183 740 s

120 787 201 850 quos
223 770 353 851 nature,
375 765 452 850 quic
473 766 549 832 illos
570 766 633 833 hoc
654 767 806 833 monebat
828 767 914 835 vitos
933 765 1139 851 stipendium,

120 855 184 921 cito
207 855 243 920 in
264 858 375 921 tutum·
394 855 523 939 reecpit.
564 855 647 921 nihil
669 859 718 921 est
739 858 806 920 tem
829 854 929 921 fallax
951 877 1048 939 quam
1071 857 1140 922 vitu

118 945 273 1028 humens,
294 944 378 1010 nihil
399 948 467 1009 tem
489 944 693 1011 insidiosum:
720 965 788 1010 uon
810 966 861 1009 ms
882 944 1034 1012 hercules.
1053 946 1138 1029 quis-

119 1055 215 1117 qusm
245 1033 335 1099 illam
358 1033 548 1118 accepisset,
574 1033 638 1099 nisi
665 1033 794 1099 deretur
815 1033 1034 1103 inscientibus
1079 1034 1138 1105 itc-

119 1145 182 1206 que
200 1123 228 1188 si
246 1122 469 1188 felicissimum
487 1125 537 1188 est
553 1143 621 1188 non
638 1122 741 1206 mci,
763 1122 947 1207 proximum
966 1126 1029 1206 est,
1046 1126 1138 1208 puto,
1156 1146 1183 1186 ro

82 1212 209 1277 sbrevi
237 1214 342 1277 sotstc
363 1211 531 1277 defunctos
555 1210 620 1277 cito
642 1211 679 1279 in
699 1212 862 1298 integrum
884 1211 1020 1279 restitui.
1064 1234 1139 1297 prc-

118 1322 202 1385 poue
238 1300 320 1365 illud
356 1299 597 1366 acerbissimum
633 1300 694 1365 tibi
725 1303 868 1385 tompus,
903 1323 968 1385 quc
1002 1299 1137 1373 Seianus

117 1393 242 1473 patrem
271 1392 365 1455 tuum
395 1389 505 1455 clienti
536 1410 595 1454 suo
628 1387 734 1455 Satrio
762 1387 910 1457 Secundo
936 1390 1137 1476 congiarium

117 1476 213 1544 dedit.
259 1477 455 1543 ircscebctur
483 1478 532 1545 iili
562 1477 603 1543 ob
631 1500 733 1544 unum
761 1482 817 1544 sut
844 1479 981 1547 clinnum
1003 1479 1137 1545 liberius

117 1565 254 1649 dicium,
284 1565 370 1650 quod
397 1566 515 1633 tacitus
542 1567 625 1633 ferre
651 1589 720 1635 non
745 1571 895 1652 potuerat
922 1565 1074 1635 Seianum
1101 1569 1136 1633 in
1156 1591 1182 1632 ic

117 1655 256 1722 cervices
292 1658 419 1721 uocum
455 1677 497 1720 ue
531 1656 645 1741 inponi
682 1656 827 1742 quidem,
867 1657 923 1723 scd
958 1656 1136 1724 escendere.

117 1744 346 1811 decernebatur
374 1745 423 1812 iili
453 1748 560 1815 sistus
590 1745 625 1810 in
654 1744 789 1830 Pompei
820 1746 946 1812 theatro
979 1747 1137 1831 ponenda,

118 1834 204 1918 quod
241 1837 389 1900 exustum
424 1831 540 1901 Ossssr
575 1834 753 1920 rcficiebct3
788 1835 980 1901 exclamavit
1012 1834 1147 1905 Gordus

81 1938 97 1986 c
115 1927 194 1991 tunc
211 1945 286 1989 vere
302 1923 465 1992 theutrum
480 1923 591 2007 perire.
630 1924 707 2008 quid
721 1924 820 2011 ergo?
854 1946 922 1990 non
934 1929 1137 2010 rumperetur

116 2035 213 2099 supra
249 2014 371 2080 cineres
404 2010 459 2079 Gn.
492 2011 628 2098 Pompei
663 2012 818 2082 constitui
849 2011 1002 2081 Seianum
1038 2017 1070 2079 et
1101 2015 1136 2079 in
1155 2036 1182 2076 so

115 2103 322 2168 monimentis
358 2101 491 2167 maximi
527 2102 729 2186 imperatoris
766 2102 947 2169 consecrari
977 2102 1135 2188 perfidum

116 2191 274 2256 militem?
295 2191 319 2275 †
341 2194 547 2258 consecratur
574 2190 781 2276 subscriptio,
808 2194 841 2257 st
863 2191 1010 2259 acerrimi
1032 2212 1136 2276 osnes,

116 2300 197 2362 quos
216 2280 271 2344 ille
289 2283 326 2345 ut
345 2279 407 2344 sibi
424 2279 482 2345 uni
500 2283 697 2365 mansuetos,
722 2281 872 2347 omnibus
889 2281 976 2348 feros
993 2281 1136 2366 heberet,

115 2367 271 2452 sangiune
310 2367 454 2434 humano
493 2368 657 2452 pascebat,
696 2369 935 2436 circumlatrare
969 2370 1135 2441 bominem

80 2470 96 2520 s
115 2456 213 2521 etism
235 2456 259 2540 †
280 2457 375 2523 iilum
397 2457 602 2542 imperiatum
625 2456 793 2542 incipiunt.
831 2459 909 2544 quid
930 2459 1071 2531 moeret?
1107 2461 1135 2526 si
1154 2480 1180 2521 ss

204 2612 265 2667 bis
279 2613 321 2668 A¹
338 2613 383 2668 his
397 2613 481 2683 A¹(?)
499 2612 509 2686 ΗΗ
528 2613 547 2668 b
565 2627 666 2684 qucss
684 2613 752 2682 quis
765 2616 793 2670 A
815 2615 818 2688 Η
838 2617 901 2670 uits
919 2616 942 2670 io
960 2614 1134 2686 stipendium

115 2683 157 2738 A²
169 2700 239 2739 corr.
253 2684 296 2739 A⁶
312 2682 322 2756 ΗΗ
343 2683 361 2739 8
379 2684 547 2739 insidiosum
560 2697 578 2739 ς
594 2685 697 2740 incidie
711 2685 772 2814 ΑΗ
789 2686 807 2740 9
825 2686 1010 2742 inscientibus
1024 2689 1135 2743 Fictsrt

114 2753 222 2810 iniibus
236 2756 264 2811 A
283 2755 379 2810 insciis
394 2768 411 2810 s·
427 2755 438 2830 ΗΗ
455 2756 491 2811 10
506 2772 575 2813 nuso
589 2757 632 2813 A²
649 2758 731 2814 nosci
775 2756 786 2789 ¹
802 2757 979 2830 iproximum
994 2759 1135 2815 cottistis

114 2825 241 2896 proxime
254 2828 282 2882 A
300 2825 310 2900 ΗΗ
328 2826 362 2882 11
376 2826 455 2882 brevi
469 2830 564 2884 seteis
578 2829 675 2884 Haase
693 2827 835 2885 breuitate
848 2831 877 2889 A
895 2829 974 2886 brevi
985 2829 1046 2885 sits
1059 2831 1113 2886 atii
1128 2831 1132 2902 Η

114 2897 257 2954 restituis
275 2897 374 2954 resiste
388 2899 452 2956 AF
465 2898 477 2972 ΗΗ
498 2898 534 2955 12
553 2899 729 2956 seienuAF
742 2900 752 2974 ΗΗ
774 2899 811 2959 14
828 2900 946 2958 libertus
960 2902 989 2959 A
1006 2901 1017 2974 ΗΗ
1036 2901 1072 2957 18
1090 2901 1133 2957 Ti.

114 2967 218 3025 Osescr
235 2969 358 3041 Pfcuciq
374 2970 439 3037 fort.
457 2976 527 3027 recto
544 2969 554 3044 ΗΗ
572 2969 607 3027 22
626 2973 805 3026 consecretur
818 2973 887 3041 AF,
994 2990 1057 3030 cusu
1074 2975 1135 3030 sies

114 3042 198 3097 dudio
223 3057 257 3097 en
281 3041 451 3097 csuosdsstc'
475 3041 633 3101 consecrari
655 3049 745 3099 cetico
766 3045 815 3111 sit,
836 3043 941 3101 medea
957 3046 1065 3103 eructo
1082 3051 1134 3101 est:

114 3112 327 3169 conscroinetur
339 3113 457 3182 Libeim
470 3113 656 3169 concinnatur
665 3115 767 3171 Madet
798 3114 892 3171 editur
901 3117 981 3173 Koch
995 3114 1135 3171 confletur

116 3183 198 3242 Gertz
221 3182 368 3240 conficitur
385 3184 522 3241 Schultess
544 3187 723 3241 consectetur
780 3187 831 3254 tis;
847 3188 941 3257 possis
962 3188 1045 3245 etism
1068 3203 1135 3245 scn-

134 3255 229 3311 onitu:
253 3256 323 3326 (beu.
344 3256 401 3313 111
416 3260 463 3323 26,
476 3260 506 3323 2)
530 3257 651 3312 sonuere
676 3256 687 3330 ΗΗ
713 3257 749 3314 28
771 3256 889 3313 heberet
907 3259 938 3314 F
957 3257 1062 3313 hebere
1078 3259 1107 3314 A
1124 3257 1135 3332 ΗΗ

113 3272 150 3381 Εὖ
177 3326 264 3383 etism
290 3325 372 3383 illum
398 3326 580 3398 imperiosum
606 3329 671 3387 AF
699 3329 729 3383 et
754 3328 812 3383 ism
839 3329 919 3384 illum
949 3330 1132 3414 impetratum

114 3397 212 3453 Haase
225 3397 313 3454 etism
328 3398 361 3455 in
372 3397 421 3455 iilo
437 3398 498 3466 (illo
511 3398 542 3459 in
558 3398 651 3465 Gens)
665 3399 784 3469 imperio
798 3399 889 3455 cltum
899 3401 1019 3473 Mcdocp
1032 3403 1061 3456 et
1075 3401 1134 3455 ism

106 3466 222 3523 inuicte
250 3469 488 3540 intemperantius
516 3471 595 3527 Koch
622 3473 652 3527 et
676 3471 734 3529 ism
758 3470 840 3526 illum
864 3487 995 3542 rumpere
1021 3471 1134 3529 histum

90 3534 240 3592 &bultem
266 3543 299 3596 et
321 3541 383 3598 ism
408 3541 492 3599 iilum
518 3540 618 3600 inieris
642 3541 771 3599 dicctum
791 3544 906 3616 Mcstty
930 3543 1017 3601 etism
1042 3543 1133 3611 illum,
