2400 3840
131 183 196 248 122
332 180 364 234 L.
377 179 521 233 Almam
538 178 704 234 SENECAE
721 177 817 234 mnu
831 179 901 237 LIB.
912 178 947 234 V.

94 343 110 391 1
218 323 306 390 xlll
349 323 716 412 Pugnateoumipsei
761 323 1150 410 sioisrinoereiram,

128 436 196 479 non
217 418 326 499 potest
345 418 379 479 te
401 415 466 478 illa
511 414 627 497 incipis
648 414 791 497 sineere,
819 413 848 478 si
869 414 1091 497 apsconditur,
1120 417 1149 479 si

129 504 179 568 illi
207 504 320 569 exitus'
338 525 405 568 non
432 503 534 567 datur.
580 503 674 588 signa
699 502 768 566 eius
796 503 969 567 obruamus
1000 504 1148 568 atillam

130 596 287 678 quantum
313 592 385 657 fieri
411 596 520 676 potest
546 592 706 657 oecultum
733 595 951 674 secretamque
972 595 1147 657 teneamus.

94 698 204 747 reum
226 703 346 767 magna
366 681 400 746 id
419 684 531 746 nostra
552 681 702 745 molestia
723 680 792 763 fiet,
815 682 906 764 eupit
927 681 1014 744 enim
1036 682 1149 746 exilire
1179 702 1192 742 ε

130 774 163 836 et
185 771 354 836 incendere
384 771 496 836 oeulos
519 774 552 834 et
573 773 699 834 mutare
720 769 850 853 faeiem3
879 769 936 834 sed
958 770 987 834 si
1008 771 1149 835 eminere

130 860 180 923 illi
207 864 297 924 extra
328 881 389 926 nos
417 860 528 941 licuit,
556 881 654 942 supra
674 879 736 923 nos
758 863 815 923 est.
861 860 896 922 in
917 858 985 923 imo
1007 861 1148 942 pectoris

131 969 256 1014 secessu
273 948 466 1014 recondatur
483 948 683 1030 feraturque,
704 968 772 1011 non
789 948 885 1030 ferat3
902 949 1002 1012 immo
1021 949 1056 1012 in
1074 970 1149 1013 oon·

129 1039 265 1102 trarium
283 1039 393 1102 omnia
410 1038 479 1102 eius
496 1036 616 1101 indioia
632 1036 813 1101 deotemus:
830 1037 939 1101 vultus
957 1038 1149 1120 remittatur,

130 1149 195 1191 vox
215 1128 321 1192 lenior
343 1127 400 1208 sit,
428 1125 546 1210 gradus
572 1125 705 1209 lentior,
737 1126 894 1210 paulatim
916 1148 991 1191 oum
1013 1127 1193 1191 exteriore

95 1231 111 1279 3
129 1216 219 1281 ribus
241 1214 395 1280 interiora
416 1215 605 1278 formantur.
637 1215 672 1277 in
690 1213 822 1280 Soorate
844 1215 910 1279 irae
932 1216 1062 1300 signum
1081 1220 1150 1281 erat

130 1326 243 1369 vooem
261 1303 473 1385 summittere,
490 1303 583 1385 loqui
600 1304 737 1386 paroius.
767 1303 940 1387 apparebat
958 1307 1037 1369 tune
1054 1304 1150 1369 illum

130 1392 192 1458 sibi
211 1396 347 1475 opstare.
383 1390 636 1475 deprendebatur
653 1392 761 1475 itaque
779 1414 798 1455 a
815 1392 1027 1458 familiaribus
1045 1398 1079 1458 ot
1096 1415 1151 1458 oo·

130 1481 337 1566 arguebatur,
362 1502 423 1546 nee
445 1484 514 1545 erat
535 1480 585 1544 illi
607 1481 811 1563 exprobratio
832 1482 991 1547 latitantis
1013 1483 1080 1546 irae
1102 1484 1150 1546 in·

131 1573 231 1656 grata.
282 1569 395 1652 quidni
426 1569 593 1656 gauderet,
624 1570 712 1652 quod
738 1570 819 1633 iram
851 1593 942 1636 suam
969 1572 1067 1635 multi
1102 1572 1149 1635 in·
1168 1590 1192 1630 ιι

129 1659 335 1744 tellegerent,
355 1680 451 1723 nemo
474 1658 627 1723 sentiret?
667 1659 842 1725 sensissent
863 1663 987 1742 eutem,
1012 1660 1077 1725 nisi
1099 1661 1150 1725 ius

131 1748 243 1813 amieis
262 1748 453 1834 obiurgandi
471 1770 505 1813 se
523 1747 675 1831 dedisset,
698 1748 782 1813 siout
799 1749 868 1831 ipse
886 1749 949 1814 sibi
971 1750 1006 1812 in
1027 1748 1150 1815 amieos

95 1841 319 1922 tsumpssrat.
374 1841 495 1920 quanto
525 1837 629 1923 magis
660 1836 725 1902 boo
752 1837 847 1903 nobis
879 1838 1062 1903 faciendum
1088 1841 1151 1904 ost!

129 1949 280 2014 rogemus
299 1927 530 1992 amicissimum
549 1948 724 2010 quemque,
745 1929 782 1990 ut
798 1929 878 1993 tuno
899 1927 1038 1992 maximo
1055 1928 1150 1992 liber·

129 2020 195 2082 tate
219 2016 369 2082 adversus
395 2036 456 2081 nos
478 2019 603 2100 utatur,
628 2037 703 2081 oum
730 2014 863 2080 minime
889 2016 979 2080 illam
1002 2017 1071 2100 pati
1093 2039 1151 2101 po·
1168 2034 1193 2074 so

129 2106 277 2186 terimus,
306 2126 366 2170 neo
398 2104 596 2170 adsentiatur
624 2105 690 2169 irae
718 2107 864 2189 nostrae,
895 2108 1007 2170 eontra
1033 2108 1150 2189 potens

130 2194 252 2258 malum
275 2197 307 2257 et
330 2197 407 2277 aput
429 2215 489 2258 nos
513 2194 707 2278 gratiosum,
736 2193 813 2257 dum
836 2193 1048 2278 oonsipimus,
1071 2194 1149 2259 dum

95 2282 235 2346 tuostri
258 2304 382 2365 sumus,
405 2282 605 2347 advooemus.
654 2281 711 2365 qui
732 2282 844 2347 vinum
873 2284 957 2348 male
979 2283 1088 2347 ferunt
1117 2288 1150 2348 et

130 2370 294 2434 ebrietatis
324 2392 400 2435 suae
429 2370 643 2435 temeritatem
675 2391 713 2436 ao
743 2372 956 2454 petulantiam
989 2375 1150 2455 metuunt,

131 2458 285 2522 mandant
312 2460 393 2542 suis,
424 2463 502 2524 ute
529 2459 678 2524 convivio
707 2460 905 2545 auferantur,
935 2461 1150 2545 intemperan-
1168 2478 1193 2520 ss

129 2548 209 2611 tiam
241 2547 277 2611 in
305 2548 418 2613 morbo
451 2569 542 2612 suam
569 2549 692 2631 experti
713 2570 824 2632 parere
851 2550 930 2633 ipsis
960 2550 995 2613 in
1017 2549 1151 2615 adversa

96 2651 112 2700 6
130 2636 313 2701 valetudine
332 2640 448 2702 vetant
477 2637 636 2721 optimum
654 2641 704 2703 est
720 2639 807 2703 notis
824 2639 913 2704 vitiis
932 2638 1151 2722 inpedimenta

129 2725 313 2810 prospieere
347 2729 380 2790 et
409 2729 482 2790 ante
510 2727 619 2790 omnia
641 2727 687 2791 ita
709 2748 901 2810 componere
923 2729 1084 2811 animum,
1112 2733 1151 2793 ut

221 2900 237 2955 1
261 2900 400 2957 sininoere
421 2902 494 2956 iram
516 2919 573 2956 non
595 2904 698 2971 potest.
732 2905 761 2957 te
779 2902 951 2971 illainoipit
967 2903 1089 2958 uinoere.
1126 2904 1151 2958 si

131 2972 315 3100 {mmm
334 2972 377 3028 Αι
391 2974 466 3100 ffb
480 2975 513 3028 ia
534 2974 629 3058 potest
650 2974 739 3057 altero
757 2976 882 3057 tpoatea
904 2991 986 3031 oasa
1007 2977 1149 3100 woteqqlrr,

130 3050 379 3186 noidaprffl
403 3116 427 3171 si
450 3048 1107 3173 addididdiiw‘ndsiabninnuidiibnnbmet
1123 3062 1150 3171 3}

131 3189 171 3257 (et
189 3187 223 3258 si)
241 3205 267 3242 v,
281 3187 300 3242 i.
315 3203 372 3241 non
389 3189 483 3257 potes,
502 3204 559 3241 non
576 3188 670 3257 potest
688 3189 718 3242 te
736 3187 795 3241 illa.
826 3187 929 3256 incipis
952 3204 1003 3257 eqo.
1027 3187 1037 3261 Η
1064 3188 1078 3243 7
1102 3204 1149 3243 ex·

130 3261 227 3313 tranos
244 3257 334 3313 lieuit.
367 3274 453 3328 supra
470 3275 521 3313 nos
539 3259 629 3314 lieuit.
661 3274 748 3328 supra
765 3275 816 3313 nos
835 3261 878 3314 est
895 3260 940 3327 A,·
959 3260 1042 3315 verta
1062 3275 1151 3328 supra

130 3345 181 3383 nos
194 3329 277 3385 lieuit
285 3332 400 3400 prmctia
412 3336 509 3385 notate
517 3336 663 3399 praeterea
676 3330 750 3385 tineo
759 3331 915 3399 perforavit
923 3329 984 3404 A'ti
996 3330 1032 3385 lo
1045 3329 1151 3386 lentior

131 3401 159 3456 L
175 3407 207 3456 ut
224 3402 292 3473 oola.
306 3400 398 3456 lenior
410 3402 439 3456 A
456 3401 466 3474 Η
484 3401 518 3457 17
533 3401 748 3471 obiurgandisse
766 3402 891 3456 dedisset
908 3408 941 3456 at
952 3403 1007 3457 oid.
1022 3402 1065 3457 Αι
1078 3419 1149 3459 corr.

128 3471 252 3542 1151121
271 3474 369 3527 eontra
387 3474 487 3542 potens
504 3474 600 3528 Mutet
618 3474 767 3527 eontranos
784 3475 885 3543 potens
899 3474 927 3528 A
944 3471 1008 3545 1122
1026 3473 1151 3544 eonsipi-

113 3555 183 3592 mus
202 3542 319 3600 Gronov
336 3550 364 3601 et
380 3545 503 3620 Bentley
521 3543 711 3615 eonspioimus
726 3545 754 3598 A
