2400 3840
297 222 304 238 .
347 183 649 239 bernaclum.
683 183 832 242 OAP.4.5
1049 189 1111 255 113

94 329 291 397 iracundiam
315 329 423 394 dicant
446 334 478 394 et
500 331 599 416 vulgo
619 330 766 395 credatur
783 330 956 397 facillimus
976 331 1111 416 quisque

92 419 169 486 huic
194 419 361 485 obnoxius.

182 508 222 575 V.
260 507 436 585 ‘Quorsus'
458 507 567 591 inquis
591 507 669 573 ‘hoc
691 507 868 592 pertinet?'
908 513 945 573 ut
962 531 1057 574 nemo
1077 533 1111 574 se
1131 527 1144 576 1

92 597 212 664 iudicet
242 601 350 662 tntum
383 597 423 661 ab
454 597 525 681 illa,
554 618 628 662 cum
657 597 745 662 lenes
777 618 905 681 quoque
934 601 1050 664 natura
1079 603 1112 664 et

61 687 236 772 eplacidos
266 687 301 751 in
328 685 505 751 saevitiam·
521 707 559 752 ac
585 686 773 751 violentiam
796 690 915 752 evocet.
962 687 1111 771 quemad-

92 777 225 842 modum
257 777 409 841 adversus
440 774 657 859 pestilentiam
688 774 771 839 nihil
807 776 939 860 prodest
974 777 1111 842 firmitas

93 865 237 950 corporis
256 869 288 930 et
306 863 442 951 diligens
460 864 653 929 valetudinis
672 886 807 930 cura-
824 865 1006 949 promiscue
1025 866 1110 930 enim

92 955 243 1020 inbecilla
273 955 468 1037 robustaque
499 953 624 1019 invadit
655 990 712 1037 -,
744 953 791 1018 ita
820 954 860 1018 ab
890 952 938 1018 ira
967 957 1034 1019 tam
1064 955 1111 1018 in·

93 1043 209 1128 quietis
232 1043 376 1108 moribus
399 1043 577 1128 periculum
601 1047 650 1107 est
673 1064 769 1126 quam
797 1042 985 1127 compositis
1009 1047 1042 1108 et
1063 1065 1111 1108 re-

46 1156 73 1195 re
91 1134 211 1217 missis,
235 1133 352 1217 quibus
376 1154 414 1197 eo
437 1132 564 1216 turpior
585 1154 623 1197 ac
643 1131 855 1216 periculosior
873 1135 934 1216 est,
953 1153 1017 1216 quo
1036 1132 1110 1216 plus

90 1224 126 1287 in
148 1223 212 1288 illis
236 1225 348 1286 mutat.
386 1221 442 1286 sed
464 1243 538 1287 cum
561 1221 702 1305 primum
726 1221 768 1286 sit
790 1243 857 1286 non
873 1220 981 1304 irasci,
1001 1238 1145 1287 secun-2

92 1313 168 1376 dum
205 1312 362 1395 desinere,
398 1311 530 1375 tertium
566 1310 687 1376 alienae
720 1330 848 1394 quoque
884 1311 950 1375 irae
982 1310 1110 1394 mederi,

91 1401 196 1466 dicam
218 1401 359 1485 primum
382 1399 652 1483 quemadmodum
674 1400 709 1464 in
731 1400 812 1464 iram
834 1421 902 1465 non
922 1399 1110 1483 incidamus,

91 1490 205 1556 deinde
229 1488 497 1573 quemadmodum
516 1510 575 1553 nos
594 1490 634 1554 ab
653 1489 710 1554 illa
727 1489 913 1573 liberemus,
936 1489 1109 1553 novissime

45 1602 72 1642 15
91 1579 361 1663 quemadmodum
390 1578 578 1642 irascentem
607 1578 800 1643 retineamus
827 1581 1055 1662 placemusque
1078 1581 1111 1642 et

91 1668 132 1732 ad
156 1667 325 1731 sanitatem
348 1665 547 1731 reducamus.
1122 1714 1124 1716 ψ

180 1754 231 1819 Ne
261 1754 437 1820 irascamur
466 1754 711 1837 praestabimus,
742 1754 769 1818 si
799 1755 908 1819 omnia
935 1754 1015 1819 vitia
1043 1754 1144 1819 irae-⁹,

91 1842 185 1908 nobis
205 1842 339 1919 subinde
358 1842 619 1927 proposuerimus
639 1846 672 1907 et
689 1843 779 1907 illam
796 1843 877 1907 bene
896 1842 1110 1908 aestimaveri-

92 1953 173 1997 mus.
210 1930 388 1997 accusanda
411 1935 460 1997 est
478 1935 556 2015 aput
573 1952 647 2015 nos,
666 1931 858 2015 damnanda3
881 1930 1110 2015 perscrutanda

45 2047 72 2087 ao
91 2021 159 2087 eius
189 2022 275 2086 mala
304 2025 336 2085 et
364 2021 399 2084 in
425 2020 567 2086 medium
590 2019 807 2103 protrahenda
830 2024 918 2104 sunt,
946 2023 983 2083 ut
1006 2020 1109 2103 qualis

91 2111 134 2176 sit
163 2113 329 2195 appareat,
359 2109 574 2195 comparanda
603 2131 676 2175 cum
703 2108 850 2193 pessimis
873 2112 931 2174 est.
976 2108 1144 2174 avaritiae

91 2201 231 2284 adquirit
263 2203 295 2264 et
327 2199 502 2283 contrahit,
532 2219 597 2283 quo
624 2198 741 2282 aliquis
768 2198 882 2263 melior
908 2201 1032 2282 utatur3
1061 2199 1109 2263 ira

90 2290 250 2374 inpendit,
272 2289 384 2373 paucis
406 2288 548 2376 gratuita
570 2291 632 2353 est:
663 2288 835 2353 iracundus
859 2287 1008 2352 dominus
1029 2293 1109 2372 quot

90 2380 125 2443 in
153 2379 264 2464 fugam
294 2400 403 2443 servos
431 2377 510 2464 egit,
534 2381 614 2461 quot
636 2377 671 2442 in
693 2379 844 2442 mortem!
891 2379 1108 2462 quantoplus

44 2490 71 2532 aa
90 2467 258 2533 irascendo
293 2489 389 2550 qnam
424 2467 459 2532 id
495 2471 577 2550 erat,
611 2470 744 2551 propter
781 2466 868 2551 quod
903 2466 1108 2550 irascebatur,

91 2555 211 2621 amisitl
265 2556 313 2620 ira
344 2555 429 2639 patri
459 2557 597 2640 luctum,
628 2556 744 2621 marito
779 2555 954 2621 divortium
990 2556 1108 2639 attidit,

90 2644 294 2730 magistratui
311 2644 434 2729 odium,
453 2644 621 2710 candidato
640 2647 809 2729 repulsam.
842 2645 934 2730 peior
948 2648 996 2710 est
1010 2666 1107 2728 quam
1127 2659 1142 2707 5

90 2734 232 2818 luxuria,
254 2734 406 2818 quoniam
424 2734 482 2797 illa
500 2756 557 2798 sua
572 2735 739 2818 voluptate
756 2733 887 2818 fruitur,
905 2735 985 2799 haec
1003 2734 1107 2799 alieno

91 2824 209 2889 dolore.
261 2822 362 2888 vincit
391 2822 623 2909 malignitatem
654 2827 686 2887 et
715 2822 882 2887 invidiam:
918 2824 992 2888 illae
1022 2823 1108 2889 enim

44 2936 71 2977 so
89 2913 251 2978 infelicem
273 2911 344 2976 fieri
365 2914 494 2996 volunt,
515 2912 596 2978 haec
617 2912 735 2996 facere3
758 2911 833 2976 illae
853 2912 996 2976 fortuitis
1014 2911 1107 2976 malis

91 3002 298 3086 delectantur,
315 3001 395 3067 haec
412 3023 479 3067 non
494 3005 601 3086 potest
615 3005 783 3086 expectare
797 3001 973 3066 fortunam:
992 3020 1107 3065 nocere

178 3195 197 3250 2
210 3194 402 3264 <maxime>
416 3194 483 3250 huic
497 3194 633 3250 obnoxius
647 3196 781 3265 proponit
792 3195 952 3263 Wesenberp
960 3192 971 3266 ll
984 3191 1020 3246 10
1033 3191 1107 3260 peri-

90 3266 211 3322 culosior
228 3268 257 3322 A
281 3267 465 3336 perniciosior
489 3268 591 3322 mavolt
611 3267 692 3322 Gertz
714 3283 771 3321 aon
793 3272 863 3321 recte
886 3264 897 3336 ll
921 3264 957 3319 12
979 3263 1107 3317 desinere

91 3339 202 3394 Gronov
221 3338 347 3394 detinere
361 3339 423 3393 AL
440 3337 451 3412 ll
467 3337 504 3393 20
517 3343 583 3408 poet
599 3337 721 3392 malain
735 3338 763 3391 A
778 3343 830 3391 oct
842 3337 934 3390 littero
947 3336 1044 3404 aliqua
1057 3340 1109 3389 cut

83 3417 221 3479 ptmctam
239 3426 347 3465 erucam
365 3415 405 3465 eat
420 3409 431 3483 ll
448 3409 484 3464 22
503 3408 579 3482 quos]
591 3410 619 3463 A
637 3409 667 3478 (d
685 3410 766 3477 eras.)
783 3407 795 3479 ll
813 3406 849 3461 23
866 3405 1003 3474 inpendit
1017 3406 1120 3480 Matreu

87 3481 216 3536 incendit
236 3482 264 3535 A
291 3479 335 3534 ira
361 3480 504 3549 inpendit,
532 3496 583 3550 pro
610 3480 676 3551 quis
702 3480 841 3550 grassata
865 3479 914 3530 est
933 3465 1153 3531 emmeant

87 3552 124 3607 23
143 3558 169 3607 rt
187 3551 224 3605 24
242 3553 310 3619 quot
328 3564 346 3605 s
362 3551 438 3620 quod
452 3552 481 3608 A
502 3552 648 3623 quosdam
667 3554 695 3611 L
714 3557 749 3608 ut
767 3551 846 3621 uolq.
884 3587 886 3591 ·

132 3657 251 3700 seraone
264 3666 350 3703 ornan
358 3661 378 3701 Ι.
391 3663 410 3703 1.
421 3663 457 3705 ed.
468 3665 607 3708 Hermes.
927 3655 951 3702 is
