2400 3840
97 184 161 251 172
294 182 325 237 L.
339 180 481 237 ANNAEI
499 180 663 237 SENECAE
681 179 776 235 DIAL.
791 179 858 236 LIB.
872 180 920 239 v1.

94 332 181 394 tutes
212 328 342 393 illarum
374 327 409 392 in
440 331 546 393 artum
581 325 775 392 retraxisse?
827 349 887 411 par
921 325 1001 410 illis,
1032 327 1116 392 mihi

95 417 200 500 crede,
237 417 343 503 vigor,
378 439 438 501 par
473 417 514 481 ad
549 416 699 500 honesta,
734 415 847 499 hbeat,
883 414 1019 481 facultas
1052 421 1116 501 est3

94 507 238 572 dolorem
256 505 465 590 laboremque
483 526 658 590 exaequo,
676 504 704 570 si
718 524 924 589 consuevere,
937 504 1115 589 patiuntur.

59 612 74 660 2
93 595 128 660 in
152 617 216 680 qua
237 595 325 661 istud
347 595 439 679 urbe,
462 595 496 659 di
518 594 610 678 boni,
631 593 816 678 loquimur?
860 593 895 658 in
918 616 982 678 qua
1003 616 1115 680 regem

94 683 249 749 Romanis
268 683 428 768 capitibus
441 683 592 750 Lucretia
606 682 772 749 etBrutus
791 682 987 748 deiecerunt:
1009 682 1115 750 Bruto
1147 702 1159 742 ⁶

92 772 276 839 libertatem
291 773 459 857 debemus,
472 772 640 839 Lucretiae
653 771 806 856 Brutum,
828 772 863 836 in
880 794 944 857 qua
958 770 1115 838 Cloeliam

94 866 281 947 contempto
309 867 341 929 et
367 863 461 928 hoste
487 866 520 928 et
541 861 675 927 flumine
698 860 740 926 ob
763 861 924 946 insignem
947 861 1114 927 audaciam

93 956 220 1017 tantum
243 973 310 1017 non
332 952 367 1016 in
388 952 475 1017 viros
498 950 771 1035 transcripsimus:
803 950 944 1035 equestri
971 950 1114 1017 insidens

94 1044 219 1107 statuae
241 1042 276 1106 in
298 1061 389 1106 sacra
410 1041 477 1123 via,
504 1039 710 1106 celeberrimo
739 1040 827 1123 loco,
857 1037 978 1104 Cloelia
1000 1062 1115 1124 expro-

93 1130 166 1196 brat
197 1130 367 1195 iuvanibus
396 1128 516 1195 nostris
546 1129 716 1214 pulvinum
746 1127 990 1195 escendentibus
1017 1128 1159 1195 ineam

93 1220 167 1285 illos
199 1219 278 1284 urbe
311 1219 358 1284 sic
388 1218 528 1304 ingredi,
559 1219 594 1282 in
625 1240 690 1302 qua
721 1218 819 1283 etiam
855 1217 991 1282 feminas
1028 1239 1112 1302 equo

58 1309 292 1374 adonavimus.
339 1307 425 1390 quod
455 1307 483 1371 si
512 1306 573 1372 tibi
600 1306 648 1371 vis
677 1307 824 1391 exempla
845 1306 958 1372 referri
979 1306 1114 1372 femina

92 1419 179 1479 rum,
211 1419 293 1480 quae
325 1417 400 1461 suos
432 1395 560 1461 fortiter
588 1395 851 1479 desideraverint,
879 1417 946 1460 non
969 1396 1113 1462 ostiatim

93 1507 257 1571 quaeram,
294 1508 334 1550 ex
365 1507 430 1550 una
460 1484 522 1550 tibi
553 1484 676 1550 familia
707 1486 786 1550 duas
819 1483 982 1551 Cornelias
1015 1485 1112 1551 dabo:

91 1575 229 1659 primam
261 1572 421 1659 Scipionis
451 1573 567 1658 filiam,
597 1571 814 1640 Gracchorum
844 1578 989 1640 matrem.
1035 1575 1113 1640 duo·
1132 1593 1157 1634 15

92 1663 197 1730 decim
223 1664 280 1729 illa
306 1667 418 1748 partus
441 1663 577 1729 totidem
600 1663 766 1728 funeribus
789 1663 992 1749 recognovit;
1017 1664 1112 1730 etde

92 1754 206 1819 ceteris
233 1753 327 1819 facile
355 1757 418 1837 est,
441 1773 522 1838 quos
544 1774 605 1818 nec
627 1753 730 1818 editos
757 1774 817 1818 nec
840 1753 974 1818 amissos
998 1752 1112 1819 civitas

92 1843 204 1908 sensit:
246 1842 410 1908 Tiberium
444 1841 638 1925 Gaiumque,
675 1863 756 1927 quos
789 1841 887 1907 etiam
919 1842 975 1924 qui
1007 1841 1111 1908 bonos

91 1933 177 1998 viros
210 1933 375 2019 negaverit
405 1954 539 2018 magnos
569 1931 739 2015 fatebitur,
767 1935 801 1996 et
830 1930 952 1997 occisos
975 1930 1057 1996 vidit
1079 1936 1113 1998 et

91 2022 279 2107 insepultos.
325 2021 566 2088 consolantibus
598 2024 707 2086 tamon
739 2020 952 2103 miseramque
980 2020 1111 2087 dicenti·
1129 2046 1158 2086 ao

91 2110 165 2176 bus:
196 2110 405 2194 ‘numquam'
427 2111 535 2194 inquit
558 2109 640 2175 ‘non
661 2110 788 2175 felicem
812 2131 864 2174 me
887 2110 1007 2194 dicam,
1029 2131 1110 2192 quae

56 2197 252 2265 4Gracchos
289 2199 420 2285 peperi?
479 2198 627 2264 Cornelia
657 2198 731 2263 Livi
761 2198 861 2264 Drusi
897 2198 1111 2265 clarissimum

91 2287 239 2353 iuvenem
276 2289 421 2354 inlustris
458 2287 594 2374 ingenii,
628 2287 799 2353 vadentem
836 2310 894 2372 per
926 2285 1112 2354 Gracchana

91 2376 228 2463 vestigia
250 2376 434 2461 inperfectis
453 2380 504 2443 tot
520 2375 743 2462 rogationibus
762 2376 847 2442 intra
864 2380 997 2461 penates
1013 2377 1112 2443 inter-

92 2469 236 2548 emptum
259 2487 349 2549 suos,
371 2465 522 2531 amiserat
544 2465 666 2531 incerto
691 2465 795 2531 caedis
819 2471 959 2533 auctore.
1001 2469 1111 2533 tamen
1128 2489 1154 2531 aa

90 2639 140 2678 sec.
155 2640 189 2676 m.
209 2622 335 2676 mulieris
353 2623 418 2678 AF
438 2621 623 2678 muliebribus
642 2623 711 2694 oolp.
736 2623 783 2678 ‘eu
800 2629 849 2679 oet.
864 2624 921 2678 lect.
936 2623 1083 2679 Plueiuui’
1101 2624 1111 2697 ll

90 2693 108 2747 2
135 2693 225 2748 libeat
247 2694 289 2760 A,
316 2694 389 2763 quod
410 2695 451 2749 ec'c
472 2695 546 2749 uude
568 2695 691 2764 positum
712 2694 783 2761 ferri
803 2711 861 2750 uou
883 2710 964 2764 posse
985 2701 1110 2764 apparet,

90 2781 140 2819 uec
167 2765 191 2818 si
216 2764 319 2831 libeat,
343 2764 432 2819 libeat
456 2765 554 2833 modo,
579 2766 668 2820 libeat
692 2768 804 2820 tantum
830 2765 934 2835 (Gertz)
961 2767 1110 2822 admodum

87 2836 180 2905 placet
197 2834 319 2890 liberas
336 2835 454 2891 libertas
468 2840 497 2892 et
510 2836 529 2890 f.
544 2836 687 2893 Schultess.
703 2855 742 2892 uu
759 2835 890 2904 libertas,
903 2837 977 2892 fac?
995 2836 1040 2962 iia
1054 2838 1111 2892 sis

90 2922 120 2962 se
133 2908 162 2962 A
182 2906 185 2980 1
202 2907 265 2962 tin
278 2923 335 2976 qua
349 2906 484 2963 Cloeliam
493 2910 525 2964 F
534 2909 602 2979 colp.
617 2909 648 2963 in
662 2925 717 2978 quo
732 2908 888 2963 coeliamA
901 2908 911 2981 ll
925 2909 940 2964 l
955 2911 984 2964 et
1018 2911 1079 2964 oste
1093 2922 1111 2962 ς

89 2979 171 3033 inhos
186 2995 201 3033 e
215 2980 243 3034 A
261 2979 343 3033 hoste
357 2980 389 3033 F
401 2981 470 3050 culp.
489 2979 499 3052 ll
521 2979 539 3035 8
557 2980 682 3034 insidens
701 2986 752 3035 aut
768 2979 913 3035 delendum
931 2986 982 3036 aut
998 2986 1110 3035 mutuu-

90 3051 156 3106 olum
181 3067 236 3106 esse
259 3053 292 3106 lu
311 3050 436 3120 insignis
461 3052 566 3106 censuit
591 3052 620 3106 0.
635 3053 712 3108 Jobu
737 3067 809 3119 equo
831 3051 959 3120 vestique
982 3051 1110 3106 insidens

90 3121 234 3192 stragulae
248 3123 360 3178 licenter
369 3123 431 3206 Jolc.
440 3123 560 3189 Mullum
573 3123 669 3178 malim
682 3139 744 3207 uun
755 3122 864 3207 (lutrio
876 3129 980 3207 putere
992 3123 1111 3207 deaceae

89 3195 257 3320 sulces
274 3195 487 3337 qusth
498 3195 850 3330 lstal'llltldl
863 3193 1111 3330 tlllldlltl

89 3337 117 3391 A
141 3336 152 3409 ll
176 3337 211 3392 ll
234 3335 318 3392 facilc
344 3337 387 3391 est
406 3337 435 3391 A
460 3337 521 3406 (cfr.
543 3337 730 3392 Friedlduder
752 3337 791 3391 ud
808 3337 1061 3404 Marual.118,5
1084 3343 1111 3392 et

89 3407 225 3463 Schultess
245 3408 346 3464 Philol.
360 3408 432 3463 Aua.
447 3408 543 3464 XVII
560 3425 590 3478 p.
609 3410 673 3478 297)
697 3407 782 3463 facile
800 3410 862 3464 erat
881 3409 961 3464 Kocls
983 3407 987 3480 Ι
1010 3407 1110 3480 neelle-
1149 3439 1152 3445 ·

88 3477 257 3551 ditosjsuecls
266 3478 309 3534 A⁶
324 3478 336 3550 ll
353 3479 389 3534 18
408 3473 552 3535 Tiberium
569 3479 727 3548 Gaiumque
746 3478 881 3535 Schultess
900 3479 940 3535 .Τ.
954 3479 1109 3550 gracchum

67 3546 103 3595 A
118 3547 239 3612 (leueola
254 3567 346 3622 cupra
367 3550 392 3607 T
401 3559 504 3625 postea
523 3553 615 3626 erasa)
631 3551 645 3628 ll
658 3549 698 3609 22
712 3550 790 3607 bivii
807 3551 920 3620 Iapetus
938 3550 1000 3607 diui
1012 3551 1041 3609 A
