2400 3840
206 199 257 254 AD
277 197 492 254 GALLIONEM
510 197 560 253 DE
578 197 668 252 VITA
685 196 809 252 ΒΕΑΤΑ
827 196 904 253 cAP.
920 203 954 253 24
1024 201 1089 266 223

72 346 134 411 hae
160 367 194 410 re
222 366 290 410 esse
312 345 500 430 neglegens3
528 365 705 427 numquam
727 343 830 430 magis
852 343 984 409 nomina
1006 344 1090 409 facio

73 457 170 519 quam
188 456 262 500 oum
281 434 374 498 dono.
407 432 522 517 ‘quidl
539 432 592 497 tu'
610 433 717 516 inquis
738 433 936 517 ‘recepturus
956 433 1125 502 donasl'r

72 524 172 588 immo
194 543 261 588 non
283 522 480 607 perditurus:
503 543 541 587 eo
564 523 637 587 loeo
659 521 703 587 sit
720 522 864 606 donatio,
887 522 972 588 unde
989 522 1093 606 repeti

72 635 139 678 non
158 613 285 696 debeat,
304 611 394 676 reddi
411 611 524 695 possit.
557 610 749 676 beneficium
767 613 965 696 conlocetur,
984 634 1093 696 quem·

41 702 247 767 radmodum
275 700 466 766 thensaurus
496 701 561 765 alte
592 701 738 784 obrutus,
773 721 869 784 quem
897 722 965 766 non
992 722 1093 784 eruas,

73 790 137 856 nisi
172 790 270 855 fuerit
304 811 441 855 neeesse.
494 788 594 873 quid?
630 790 743 855 domus
780 790 851 873 ipsa
887 789 995 856 divitis
1032 790 1128 858 viria

75 882 228 964 quantam
259 878 357 944 habet
387 879 469 944 berre
501 878 640 945 faciendi
670 879 851 944 materiam!
905 879 976 963 quis
1008 879 1093 944 enim

73 969 299 1032 liberalitatem
335 971 462 1033 tantum
501 967 542 1033 ad
577 971 706 1054 togatos
740 969 856 1033 vocat?
909 968 1093 1033 hominibus

73 1057 225 1141 prodesse
243 1059 358 1122 natura
375 1078 427 1122 me
446 1057 548 1122 iubet:
567 1058 650 1122 servi
667 1057 800 1123 liberine
817 1056 945 1140 sintin,
963 1057 1095 1142 ingenui

29 1169 56 1209 ro
75 1167 117 1212 an
147 1146 305 1229 libertini,
335 1146 439 1212 iustae
468 1146 628 1213 libertatis
659 1169 700 1211 an
731 1147 816 1212 inter
845 1146 965 1212 amieos
993 1147 1096 1229 datae,

75 1235 153 1320 quid
180 1235 299 1301 refert?
343 1236 539 1320 ubicumque
566 1235 665 1301 homo
689 1239 752 1320 est,
777 1236 824 1300 ibi
846 1235 982 1302 benefiei
1003 1237 1094 1301 loeus

75 1328 132 1391 est.
182 1328 291 1409 potest
320 1324 430 1408 itaque
459 1325 597 1410 pecunia
629 1325 726 1391 etiam
757 1324 844 1391 intra
872 1325 972 1391 limen
1001 1346 1096 1390 suum

75 1414 212 1479 diffundi
230 1418 263 1479 et
280 1414 508 1480 liberalitatem
526 1435 686 1498 exercere,
706 1437 788 1499 quae
806 1437 874 1480 non
891 1415 968 1499 quia
984 1414 1095 1480 liberis

74 1504 222 1587 debetur,
245 1504 301 1569 sed
325 1504 401 1587 quia
425 1503 568 1568 alibero
592 1504 698 1569 animo
722 1505 951 1588 proficiscitur,
973 1504 1020 1568 ita
1038 1525 1096 1568 no-

31 1613 56 1653 re
75 1593 198 1656 minata
215 1595 272 1656 est.
309 1590 389 1656 haee
408 1594 487 1674 aput
505 1592 682 1676 sapientem
695 1614 756 1659 nee
769 1616 924 1679 umquam
938 1595 972 1658 in
985 1596 1096 1678 turpes

76 1680 291 1765 indignosque
320 1680 501 1765 inpingitur
526 1702 587 1746 nee
609 1703 763 1765 umquam
786 1683 832 1747 ita
855 1682 1029 1768 defetigata
1051 1704 1097 1747 er-

76 1771 139 1849 rat,
176 1772 213 1832 ut
248 1789 327 1851 non,
365 1768 515 1852 quotiens
553 1770 688 1855 dignum
724 1770 896 1855 invenerit,
931 1772 1025 1855 quasi
1058 1792 1098 1835 ex

77 1858 173 1940 pleno
197 1856 284 1921 fluat.

166 1943 243 2011 Non
274 1949 323 2010 est
352 1967 443 2031 erge,
475 1947 562 2029 quod
592 1968 761 2031 perperam
791 1946 983 2031 exaudiatis,
1017 1967 1134 2030 quaer

32 2056 59 2096 ro
77 2036 220 2119 honeste,
239 2034 376 2118 fortiter,
391 2035 535 2100 animose
549 2058 568 2100 a
583 2035 736 2101 studiosis
750 2036 926 2120 sapientiae
939 2035 1097 2102 dicuntur.

79 2128 111 2190 et
128 2123 192 2189 hoo
209 2123 351 2208 primum
369 2124 546 2189 adtendite:
565 2125 654 2190 aliud
673 2129 722 2191 est
737 2125 900 2191 studiosus
915 2125 1099 2209 sapientiae,

78 2213 167 2278 aliud
188 2213 254 2278 iam
277 2214 412 2297 adeptus
436 2214 634 2299 sapientiam.
680 2215 736 2280 ille
758 2214 819 2280 tibi
842 2215 939 2280 dieat:
963 2212 1099 2299 ‘optime

78 2304 209 2387 loquor,
240 2303 296 2368 sed
326 2303 432 2368 adhue
461 2303 546 2369 inter
574 2305 661 2369 mala
687 2305 818 2370 volutor
840 2303 987 2389 plurima.
1032 2299 1100 2369 norr

80 2395 143 2474 est,
165 2392 253 2476 quod
276 2414 327 2457 me
347 2391 387 2458 ad
405 2392 579 2458 formulam
598 2415 703 2459 meam
722 2393 845 2479 exigas:
869 2415 943 2459 oum
961 2393 1100 2459 maxime

35 2498 62 2541 re
80 2481 163 2545 faoio
193 2503 245 2546 me
277 2484 310 2546 et
338 2481 444 2547 formo
472 2482 568 2547 etad
591 2484 755 2567 exemplar
777 2483 890 2569 ingens
913 2483 1044 2567 attollo;
1073 2481 1101 2547 si

80 2590 264 2652 processero
295 2574 591 2656 quantumcumque
619 2572 789 2656 proposui,
818 2573 910 2658 exige
939 2577 977 2637 nt
1007 2571 1100 2637 dietis

80 2659 167 2723 faeta
188 2659 423 2742 respondeant?
466 2660 636 2727 adsecutus
659 2682 736 2726 raro
759 2660 893 2727 humani
915 2660 994 2727 boni
1016 2682 1101 2726 sum-

81 2770 168 2812 mam
200 2746 294 2812 aliter
324 2751 432 2813 teoum
465 2753 540 2835 aget
572 2754 605 2814 et
635 2749 733 2815 dieat:
764 2750 915 2834 ‘primum
946 2773 1014 2816 non
1043 2753 1102 2832 est,

82 2837 170 2921 quod
198 2837 260 2901 tibi
291 2838 457 2921 permittas
491 2837 529 2903 de
561 2839 750 2905 melioribus
780 2840 863 2906 ferre
895 2839 1102 2921 sententiam

171 2993 188 3049 l
207 3010 238 3049 re
256 3010 317 3050 esse
335 2995 404 3066 oolp.
429 3011 489 3051 esse
507 2997 538 3050 re
558 2994 599 3051 A⁶
620 2997 663 3068 (ia
680 3013 737 3053 ros.
750 3003 862 3067 praeter
879 2998 1006 3053 ultimae
1024 2997 1050 3065 e)
1069 3011 1103 3050 ea

83 3064 123 3120 A¹
140 3081 191 3122 aar.
208 3065 356 3136 dispidtur
375 3109 381 3122 .
397 3110 403 3122 .
419 3109 448 3122 ..
468 3068 499 3121 re
516 3073 548 3123 ut
565 3069 629 3136 ipsa
647 3085 681 3123 m.
700 3073 716 3123 1
733 3070 874 3138 scripsisse
891 3069 1022 3123 uideatur
1042 3063 1103 3121 bose

24 3206 26 3209 Ι
82 3138 113 3190 re
130 3138 150 3192 e'.
165 3153 187 3192 e.
207 3153 238 3192 re
257 3153 317 3192 esse
338 3138 341 3210 1
362 3154 437 3192 nuno
456 3154 542 3208 quam
555 3144 582 3194 A
599 3138 612 3224 11
631 3138 649 3193 9
667 3141 770 3194 natura
788 3156 834 3196 me
848 3141 946 3195 Haase
963 3140 1066 3193 nature'a
1079 3137 1103 3191 t

83 3212 109 3263 A
130 3207 134 3279 1
154 3207 246 3263 iubetz
265 3209 370 3265 serris
386 3208 467 3264 iubet
486 3212 514 3265 et
532 3226 608 3265 serur
621 3216 647 3266 A
665 3210 675 3284 11
702 3210 738 3266 18
756 3211 834 3336 quil
855 3227 912 3265 non
930 3225 987 3279 qua
1006 3208 1103 3264 liberis

83 3279 210 3334 debetur.
244 3280 294 3335 sed
312 3281 380 3351 quia
403 3281 424 3351 (i
442 3298 463 3337 s.
477 3299 502 3337 o.
517 3282 582 3336 add.
596 3282 659 3349 fort.
674 3299 709 3337 m.
725 3284 752 3352 1)
774 3283 797 3336 li
817 3282 872 3338 eris
895 3280 1021 3336 debetur.
1054 3281 1104 3336 sed

84 3351 153 3418 quie
171 3350 279 3406 alibero
298 3352 392 3407 animo
410 3352 599 3421 proficiscitur
612 3359 639 3409 A
656 3369 725 3410 corr.
739 3355 784 3409 ool
803 3397 808 3409 .
827 3353 838 3427 11
856 3352 891 3407 15
908 3352 940 3407 in
953 3354 1050 3422 turpes
1064 3351 1104 3408 Α6

85 3423 207 3490 (praeter
223 3423 235 3477 i
252 3425 510 3480 aemimonto
527 3425 582 3492 fiae
600 3426 702 3494 vernn)
725 3423 735 3497 11
757 3424 775 3478 2
812 3440 876 3478 oum
893 3426 966 3493 aolq.
982 3440 1036 3476 eur
1060 3424 1126 3486 Ab&

85 3491 122 3546 26
139 3495 397 3564 quantumcumque
411 3507 429 3549 e·
447 3497 643 3567 quantumque
659 3500 686 3552 A
703 3498 852 3566 quantum
865 3491 1035 3561 emptu&
1053 3501 1139 3535 em-

85 3578 161 3616 mam
176 3577 193 3618 s·
209 3580 318 3620 summa
331 3572 358 3622 A
