2400 3840
107 200 172 266 266
301 195 332 250 L.
347 193 490 249 ANNAEI
507 193 672 248 SENECAE
690 193 785 248 DIAL.
800 194 867 249 LIB.
881 193 927 248 IX.

106 342 184 407 vilia
212 340 437 406 numerandus.
483 340 691 426 gladiatores,
717 344 755 405 ut
783 341 828 404 ait
851 338 975 424 Cicero,
1006 340 1132 408 invisos

106 431 274 514 habemus,
312 432 339 495 si
376 429 465 494 omni
501 430 597 494 modo
633 431 734 493 vitam
770 431 942 513 impetrare
977 430 1132 515 cupiunt3

106 521 264 604 favemus,
296 520 325 584 si
356 523 577 603 contemptum
607 519 675 583 eius
705 541 782 602 prae
812 541 846 584 se
874 519 991 583 ferunt.
1043 519 1132 585 idem

107 610 233 674 evenire
264 609 358 673 nobis
393 609 489 692 scias3
521 630 615 691 saepe
645 608 731 672 enim
761 629 857 673 causa
888 608 1049 673 moriendi
1082 614 1133 674 est

71 697 217 763 otimide
240 698 330 763 mori.
367 698 498 762 fortuna
520 698 589 780 illa,
614 719 695 781 quae
716 697 811 762 ludos
835 697 898 761 sibi
919 697 1012 762 facit:
1036 697 1132 782 ‘quo'
1160 717 1170 758 s

106 787 213 871 iuquit
240 787 287 852 ‘ta
313 808 485 870 reservem,
512 787 634 850 malum
661 790 694 851 et
716 786 877 869 trepidum
901 786 1043 851 animal?
1092 809 1130 853 eo

106 877 208 962 magis
232 876 511 941 convulneraberis
535 880 568 940 et
590 875 798 958 confodieris,
821 874 897 959 quia
914 875 1019 941 nescis
1037 898 1131 960 prae-

105 965 179 1031 bere
202 966 364 1052 iugulum3
387 969 420 1029 at
442 969 479 1029 tu
502 969 534 1029 et
556 966 644 1029 vives
668 964 788 1028 diutius
812 968 844 1028 et
867 963 1013 1029 morieris
1034 986 1130 1050 expe

106 1055 217 1138 ditius,
247 1056 303 1140 qui
332 1056 453 1119 ferrum
482 1076 549 1119 non
572 1053 728 1118 subducta
751 1054 874 1118 cervice
895 1075 956 1118 nec
977 1055 1129 1120 manibus

70 1146 264 1229 coppositis
295 1143 350 1208 sed
380 1143 523 1207 animose
555 1142 691 1226 recipis?
738 1144 793 1226 qui
825 1146 962 1207 mortam
990 1144 1168 1227 timebitis

103 1233 187 1297 nihil
208 1254 363 1317 umquam
385 1254 445 1315 pro
463 1232 595 1296 homine
612 1232 687 1296 vivo
706 1232 816 1315 faciet3
839 1236 873 1296 at
891 1232 947 1315 qui
965 1232 1047 1296 sciet
1065 1233 1130 1299 hoc

105 1322 167 1388 sibi
191 1343 264 1386 cum
288 1321 509 1404 conciperetur
532 1320 641 1385 statim
664 1321 861 1404 condictum,
888 1321 977 1385 vivet
1000 1321 1040 1385 ad
1065 1322 1129 1387 for·

104 1412 225 1475 mulam
263 1414 295 1474 et
327 1410 423 1474 simul
459 1409 541 1473 illud
574 1430 701 1494 quoque
735 1410 846 1474 eodem
879 1409 979 1473 animi
1010 1411 1129 1476 robore

104 1499 293 1583 praestabit,
316 1520 357 1562 ne
380 1497 458 1582 quid
481 1498 597 1581 exiis,
620 1520 701 1583 quas
725 1500 888 1582 eveniunt,
912 1498 1057 1564 subitum
1078 1501 1129 1567 sit.

105 1588 258 1672 quicquid
282 1587 367 1652 enim
389 1587 459 1652 fieri
482 1591 605 1671 potest,
634 1588 726 1672 quasi
748 1588 893 1652 futurum
917 1588 972 1672 sit,
1001 1591 1129 1674 prospi-
1145 1608 1167 1648 ιε

104 1678 217 1743 ciendo
241 1677 400 1741 malorum
420 1677 563 1741 omnium
582 1678 722 1761 impetus
741 1677 880 1759 molliet,
903 1678 959 1760 qui
977 1677 1019 1741 ad
1035 1701 1128 1763 prae

103 1770 232 1849 paratos
260 1770 528 1850 expectantesque
554 1766 639 1831 nihil
661 1766 810 1831 adferunt
831 1767 921 1850 novi,
949 1768 1072 1833 securis
1096 1773 1129 1834 et

103 1855 197 1921 beata
218 1861 346 1921 tantum
369 1856 586 1939 spectantibus
606 1877 719 1941 graves
737 1856 879 1921 veniunt.
915 1855 1048 1922 morbus
1069 1862 1128 1942 est,

104 1946 287 2031 captivitas,
317 1946 423 2028 ruina,
455 1945 553 2030 ignis:
580 1945 664 2008 nihil
690 1945 807 2009 horum
833 1944 1039 2028 repentinum
1063 1950 1127 2031 est3

69 2045 84 2094 ‘1
104 2036 257 2119 sciebam,
284 2036 319 2099 in
347 2057 443 2119 quam
466 2035 701 2099 tumultuosum
725 2056 778 2098 me
801 2034 1047 2099 contubernium
1071 2057 1127 2100 na-
1143 2054 1166 2094 ro

103 2128 177 2188 tura
199 2124 353 2189 clusisset.
390 2124 509 2188 totiens
527 2124 562 2187 in
580 2123 698 2188 vicinia
716 2145 787 2187 mea
805 2124 1043 2189 conclamatum
1062 2129 1127 2209 est3

102 2213 221 2276 totiens
251 2217 378 2296 praeter
403 2213 503 2277 limen
530 2213 718 2277 immaturas
746 2213 896 2296 exequias
923 2212 978 2276 fax
1000 2233 1126 2280 cereus-

104 2321 166 2384 que
195 2303 382 2383 praecessit,
411 2322 505 2384 saepe
536 2324 555 2364 a
580 2302 680 2366 latere
707 2301 829 2366 ruentis
853 2300 991 2366 aedificii
1013 2302 1127 2390 fragm

104 2390 226 2474 sonuit;
244 2391 364 2455 multos
384 2412 423 2454 ex
441 2391 495 2472 iis,
514 2412 595 2473 quos
613 2391 734 2474 forum,
754 2392 854 2475 ouria,
874 2411 977 2455 sermo
996 2413 1126 2458 mecum

103 2482 319 2562 contraxerat,
340 2500 406 2543 nox
429 2479 563 2543 abstulit
585 2483 618 2543 et
636 2479 659 2563 †
677 2480 802 2545 iunctas
826 2480 984 2545 sodalium
1007 2502 1125 2548 manus
1143 2498 1166 2539 2⁵

103 2568 269 2650 copulatas
299 2568 492 2634 interscidit:
522 2568 619 2633 mirer
647 2569 687 2633 ad
710 2591 761 2634 me
783 2569 956 2651 aliquando
978 2570 1127 2653 pericula

103 2658 285 2739 accessisse,
314 2678 394 2740 quae
424 2659 509 2723 circa
538 2680 589 2722 me
617 2679 741 2740 semper
764 2656 959 2723 erraverint?
1004 2681 1127 2747 magna

192 2868 208 2922 1
227 2869 372 2936 respicitur
391 2869 446 2924 (lic.
461 2876 530 2924 orat.
541 2885 595 2938 pro
610 2869 718 2924 Melone
736 2868 757 2940 ἕ
771 2872 806 2923 92

191 2992 306 3047 11vivo
329 2992 398 3062 ooly.
424 2992 493 3062 uiljo
514 2994 543 3048 A
571 2993 574 3065 t
602 2992 672 3046 sciet
694 2995 726 3047 ic
747 3009 834 3062 mara.
855 2994 978 3047 scices
1003 3000 1030 3048 et
1051 2997 1124 3067 colp.

103 3065 175 3119 sciat
188 3066 217 3119 A
264 3063 299 3118 15
316 3063 377 3118 fieri
395 3065 463 3133 colp.
483 3064 507 3117 si
525 3064 586 3118 fieri
600 3066 628 3119 A
646 3064 656 3136 tl
674 3063 709 3118 18
728 3062 921 3133 spectantibus
935 3066 963 3119 A
982 3068 1124 3134 speranti·

102 3135 154 3190 bus
169 3137 264 3206 Pasy
282 3134 496 3204 expectantibus
511 3148 528 3188 ς
548 3136 551 3201 Ι
572 3134 686 3189 morbus
705 3138 747 3189 est
761 3137 789 3190 A
807 3134 920 3189 morbus
939 3135 1023 3190 adest
1040 3137 1126 3194 Gertz

101 3207 215 3262 morbus
235 3206 310 3261 enim
327 3209 395 3277 volp.
412 3206 483 3261 mole
507 3206 518 3278 ll
542 3206 578 3261 25
600 3207 712 3260 iunctas
731 3206 872 3260 sodalium
889 3223 997 3261 manus.
1036 3225 1124 3278 copu-

101 3278 176 3332 latas
196 3277 216 3347 (l
234 3295 255 3333 s.
270 3296 294 3332 o.
310 3279 373 3333 add.
388 3279 443 3333 oid.
458 3280 533 3346 m.1)
556 3279 630 3332 inter
653 3278 738 3332 scidit
755 3280 783 3333 A
806 3286 932 3348 corrupte
949 3279 968 3331 i.
984 3295 1005 3334 s.
1020 3296 1058 3334 m.
1076 3297 1126 3336 co-

101 3350 193 3419 piates
212 3348 230 3404 i.
247 3351 380 3420 Madoi9;
396 3350 536 3417 refutatur
549 3367 568 3403 a
582 3351 625 3404 M.
636 3351 724 3405 Hertz
742 3351 790 3418 (N.
805 3351 918 3405 Jobrbb.
934 3355 987 3405 109
1000 3366 1032 3418 p.
1047 3355 1125 3423 257),

102 3424 150 3490 qai
167 3422 279 3474 iunctas
293 3422 442 3476 tollendam
455 3428 543 3475 cernet
557 3421 576 3475 i.
592 3439 612 3474 s.
627 3439 663 3474 m.
679 3420 869 3490 speculatori.
886 3421 969 3477 Gertz
987 3419 1125 3492 abstulit3

100 3493 145 3544 tot
159 3491 246 3545 lictor
263 3492 321 3546 sod.
337 3508 412 3548 man.
428 3491 575 3562 copulatas
593 3493 611 3545 i.
626 3493 775 3557 Schultess,
792 3493 864 3561 qaod
879 3494 998 3547 marimo
1011 3494 1126 3564 placen

87 3563 135 3616 tot
150 3569 225 3619 certe
242 3567 432 3624 messorium
450 3573 490 3624 est
508 3565 595 3621 funus
612 3581 663 3635 pro
679 3564 794 3618 iunctas
811 3565 883 3616 caat.
896 3564 998 3616 Hostus
