2400 3840
244 162 307 234 {DE
323 161 560 218 ‚CONSTANTIA
577 161 765 217 sarmatis
784 161 864 218 OAP.
876 167 900 218 5.
917 170 933 218 6
1058 167 1101 231 27

81 308 165 374 nihil
193 308 305 393 perdet
334 308 422 392 quod
451 307 554 393 perire
584 329 733 374 sensurus
758 306 813 394 sit3
841 307 936 373 unius
960 307 1046 373 enim
1067 309 1103 374 in

82 398 284 484 possessione
297 397 426 462 virtutis
447 401 510 481 est,
533 419 573 463 111
590 419 654 481 qua
672 397 789 481 depelli
801 419 968 482 nunquam
987 400 1103 483 potest,

81 487 194 553 ceteris
225 487 369 572 precario
401 486 517 551 utitur:
549 486 621 571 quis
653 488 761 551 autem
796 487 920 552 iactura
955 491 1103 552 movetur
1160 565 1162 569 ι

82 576 200 641 alieni?
232 575 349 660 quodsi
371 575 489 640 iniuria
509 575 593 640 1111111
614 576 739 640 laedere
761 579 869 659 potest
891 597 932 641 ex
951 576 1103 662 hisquae

49 688 63 730 1
81 666 214 751 propria
231 665 384 749 sapientis
402 668 488 748 sunt,
510 664 586 749 quia
598 664 717 729 virtute
730 665 820 730 saion
837 686 896 730 sua
913 666 1002 730 salva
1020 669 1105 749 sunt,

81 755 200 819 iniuria
222 755 359 838 sapienti
381 776 449 818 non
471 757 578 838 potest
600 753 678 819 fieri
789 754 791 757 ’

171 843 335 928 Megaram
349 842 532 908 Demetrius
556 845 696 926 ceperat,
718 841 771 908 cui
789 863 969 928 cognomen
982 842 1105 908 Polior·
1123 860 1139 908 6

83 936 168 997 cetos
197 933 268 996 fuit.
314 933 353 997 ab
385 931 449 997 hoc
474 930 602 997 Stilbon
630 931 843 1016 philosophus
879 931 1104 1018 interrogatus,

81 1043 161 1086 num
180 1021 302 1105 aliquid
320 1021 523 1106 perdidisset:
551 1020 664 1105 ‘nihil'
683 1020 789 1105 inquit
814 1019 934 1085 ‘omnia
952 1043 1023 1086 mea
1041 1043 1105 1085 me-

35 1135 63 1175 ro
83 1133 158 1176 cum
190 1110 286 1176 sunt?
339 1111 430 1195 atqui
462 1113 495 1175 et
525 1109 757 1195 patrimonium
788 1109 856 1174 aius
888 1110 923 1173 in
953 1110 1104 1194 praedam

82 1204 220 1265 cesserat
250 1203 282 1264 et
310 1200 393 1264 filias
422 1203 574 1283 rapuerat
599 1198 703 1264 hostis
730 1202 763 1263 et
783 1198 889 1282 patria
910 1199 1105 1264 inalienam

83 1289 243 1355 dicionem
266 1293 454 1374 pervenerat
477 1292 509 1354 et
531 1288 640 1373 ipsum
662 1309 720 1353 rex
741 1288 954 1353 circumfusus
973 1288 1104 1353 victoris

82 1379 240 1444 exercitus
272 1379 369 1443 armis
401 1401 442 1443 ex
473 1378 637 1463 superiore
667 1377 741 1442 loco
773 1377 943 1464 rogitabat.
988 1381 1022 1442 at
1050 1378 1140 1441 11111

81 1468 251 1533 victoriam
281 1467 331 1532 illi
359 1467 500 1533 excussit
529 1470 618 1532 etse
641 1467 720 1531 urbe
743 1470 837 1551 capta
859 1488 926 1531 non
947 1466 1105 1532 invictum

35 1578 63 1619 rs
82 1560 210 1621 tantum
233 1558 288 1621 sed
310 1557 493 1621 indemnem
516 1577 584 1622 esse
606 1559 742 1621 testatus
766 1558 822 1620 est.
858 1554 997 1620 habebat
1020 1557 1106 1621 enim

83 1668 159 1709 vera
181 1666 290 1709 secum
312 1645 413 1729 bona,
439 1646 475 1709 111
497 1668 579 1729 quae
601 1667 668 1709 non
691 1648 739 1710 est
761 1666 875 1710 manus
898 1645 1043 1729 iniectio,
1072 1648 1106 1709 at

80 1755 167 1815 ,quae
190 1733 344 1815 dissipata
366 1737 399 1797 et
421 1734 545 1817 direpta
562 1734 761 1817 ferebantur,
783 1755 850 1798 non
866 1733 1029 1799 iudicabat
1047 1755 1106 1798 sua

85 1820 140 1885 sed
170 1821 349 1885 adventicia
378 1823 410 1884 et
437 1825 553 1885 nutum
580 1823 728 1886 fortunae
755 1823 929 1906 sequentia.
973 1823 1045 1887 ideo
1068 1827 1106 1887 ut

81 1931 150 1974 non
181 1909 313 1994 propria
339 1909 506 1994 dilexerat;
533 1911 678 1974 omnium
708 1910 793 1974 enim
825 1910 1020 1975 extrinsecus
1053 1911 1106 1975 ad-

37 2021 65 2060 so
83 1999 253 2064 fluentium
276 1999 399 2064 lubrica
422 2002 454 2063 et
475 1999 598 2063 incerta
619 1998 779 2082 possessio
802 2002 859 2063 est.
1111 2020 1112 2024 ¹

172 2086 229 2153 VI.
253 2086 369 2174 (logita
389 2108 490 2172 nuuc,
513 2110 555 2152 an
576 2087 654 2152 huic
673 2087 727 2152 fur
745 2090 801 2152 aut
819 2085 1032 2153 calumniator
1049 2093 1105 2153 aut
1125 2107 1139 2154 1

82 2177 207 2242 vicinus
229 2177 390 2261 impotens
414 2181 471 2242 aut
489 2177 577 2242 dives
596 2176 712 2261 aliquis
730 2198 866 2262 rognum
886 2177 981 2242 orbae
1000 2198 1105 2244 senec-

81 2268 161 2331 tutis
194 2288 343 2332 exeroens
375 2267 479 2332 facere
512 2267 663 2332 iniuriam
694 2267 811 2351 possit,
843 2266 895 2332 oui
921 2267 1043 2332 bellum
1073 2271 1105 2332 et

82 2355 186 2421 hostis
218 2359 251 2420 et
281 2357 336 2421 ille
368 2357 530 2442 egregiam
562 2360 664 2421 artem
696 2356 948 2440 quassandarum
975 2356 1104 2422 urbium

37 2465 64 2506 11
82 2446 246 2529 professus
277 2446 397 2529 eripere
426 2445 510 2509 nihil
535 2446 650 2529 potuit.
695 2445 780 2510 inter
809 2445 958 2510 micantis
984 2446 1139 2530 ubiquar

84 2533 208 2619 gladios
232 2537 264 2598 et
285 2534 458 2603 militarem
480 2534 515 2598 in
531 2535 645 2618 rapina
657 2536 844 2618 tumultum,
860 2534 945 2599 inter
958 2534 1103 2599 flammas

84 2625 117 2687 et
139 2623 327 2708 sanguinem
351 2627 555 2709 stragemque
578 2624 735 2708 impulsae
759 2624 914 2707 civitatis,
936 2624 1020 2688 inter
1042 2624 1104 2688 fra·

84 2732 195 2797 gorem
212 2714 409 2796 templorum
423 2732 519 2797 super
533 2712 608 2777 deos
623 2733 699 2778 suos
713 2712 895 2777 cadentium
909 2713 966 2776 uni
979 2712 1104 2777 homini

83 2823 148 2886 pax
178 2801 250 2866 fuit.
293 2823 361 2866 non
392 2805 441 2867 est
471 2803 594 2886 itaque,
626 2802 713 2886 quod
745 2802 850 2866 audax
880 2801 1001 2867 iudices
1031 2824 1103 2887 pro-

173 2957 191 3012 4
208 2958 303 3030 ledere
317 2959 346 3014 A
364 2958 419 3027 (ls.
434 2977 458 3014 o.
473 2959 538 3023 add.
555 2977 590 3014 n.
606 2961 635 3029 2)
660 2959 670 3032 il
694 2958 712 3013 5
732 2959 847 3029 propria
869 2976 890 3014 s.
906 2977 930 3014 o.
950 2959 1014 3014 add.
1033 2958 1076 3013 A¹
1095 2958 1098 3030 Ι

84 3029 467 3100 111111111111111111119,
485 3037 550 3099 post
573 3046 624 3084 sua
642 3032 759 3100 [ipsias
783 3029 793 3102 ll
818 3030 833 3084 7
856 3031 921 3086 inde
944 3048 963 3085 a
985 3030 1102 3098 Megara

84 3102 168 3157 Gertz
185 3118 245 3170 cap.
262 3102 306 3156 VI
323 3103 446 3156 institnit
468 3108 494 3157 et
514 3119 599 3171 asqae
619 3103 657 3156 ad
670 3119 692 3157 c.
715 3102 776 3157 VH
785 3105 804 3156 2
824 3104 1002 3157 continuavit.
1030 3101 1102 3154 hano

83 3179 169 3227 toton
195 3173 389 3243 digressionem
411 3175 484 3228 inter
509 3190 569 3242 cap.
591 3173 641 3227 IX
662 3179 687 3228 et
710 3173 742 3227 X
767 3175 925 3242 transponit
947 3173 1071 3227 Karsten
1094 3171 1099 3243 Ι

83 3243 144 3312 poli
160 3245 287 3298 hercetes
301 3245 329 3299 A
350 3261 419 3299 corr.
439 3244 507 3315 oola.
531 3243 541 3317 ii
565 3244 583 3298 8
601 3243 754 3314 filosophus
768 3245 796 3299 A
818 3243 828 3316 li
852 3244 870 3298 9
888 3259 951 3297 mea
969 3260 1024 3297 aa.
1036 3242 1100 3296 add.

83 3314 126 3370 A¹
143 3314 154 3387 ll
177 3315 213 3369 12
231 3315 371 3370 dicionem
388 3316 457 3386 ooip.
477 3315 634 3370 edicionem
647 3316 676 3371 A
694 3315 698 3387 l
718 3315 830 3370 uictoris
844 3314 887 3370 A5
908 3314 918 3387 ii
942 3313 978 3367 16
997 3314 1101 3382 atquae

82 3403 153 3441 corr.
168 3403 202 3441 ea
220 3387 331 3455 adquae
345 3387 431 3454 A¹·²,
445 3393 561 3455 atquae
575 3387 618 3442 A⁵
635 3386 645 3460 ll
663 3386 698 3441 19
717 3385 864 3440 delexerat
880 3401 955 3440 corr.
965 3386 1003 3437 'an
1014 3384 1074 3434 dn·
1093 3385 1124 3433 A

83 3458 141 3524 sort
162 3475 197 3512 n.
212 3463 229 3512 1
246 3457 257 3530 ii
276 3457 313 3512 24
329 3458 419 3512 hostis
437 3457 486 3513 ille
505 3470 523 3514 s
543 3458 625 3517 Gertz
645 3459 760 3516 dabitat
779 3476 823 3514 an
840 3463 910 3513 anta
923 3454 983 3509 ’1111
1001 3457 1058 3505 ant
1074 3453 1145 3515 poan

81 3527 224 3596 professus
240 3529 397 3586 addendam
415 3533 454 3588 sit
472 3531 533 3589 dux
549 3532 561 3610 ll
579 3533 617 3592 21)
636 3534 699 3591 fuit
717 3527 897 3590 111111
1001 3565 1004 3569 >
