2400 3840
104 199 170 266 234
288 195 318 250 L.
333 194 475 249 ANNAEI
493 193 657 249 SENECAE
676 192 772 248 DIAL.
785 192 852 249 LIB.
867 192 941 248 VIII.

103 344 144 408 nd
176 342 256 406 alios
288 344 378 406 aetus
403 340 427 424 †
454 339 578 404 animos
607 339 725 404 referre
754 338 917 426 virginum
940 339 1137 410 Vestalium

103 453 206 514 more,
238 452 320 515 queo
349 430 441 495 annis
469 430 555 494 inter
583 428 690 493 officia
719 428 829 493 divisis
860 428 990 495 discunt
1022 431 1137 501 facere

105 542 194 586 secra
216 524 249 585 et
271 541 344 585 cum
367 519 548 584 didicerunt
570 518 694 583 docent.

70 649 84 696 1
192 624 247 692 III.
285 623 367 712 [30]
398 625 472 691 Hoc
495 623 612 690 Stoicis
641 646 768 708 quoque
796 626 922 709 placere
946 629 1136 715 ostendam,

103 738 171 781 non
206 715 283 800 quia
318 715 398 781 mihi
433 716 539 801 legem
573 714 709 779 dixerim
740 715 824 779 nihil
856 718 968 779 contra
1000 716 1135 785 dictum
1162 740 1171 780 ε

103 803 242 870 Zenonis
280 803 491 889 Chrysippive
524 803 736 887 committere,
774 804 829 868 sed
861 804 937 888 quie
968 826 1024 870 res
1061 810 1135 893 ipsu

103 895 226 979 patitur
248 916 300 960 me
323 894 369 959 ire
391 895 426 958 in
448 893 578 957 illorum
601 892 806 976 sententiam,
829 893 983 976 quonism
1003 895 1038 959 si
1059 898 1133 981 quis

104 1007 229 1068 semper
257 983 353 1048 unius
384 983 542 1066 sequitur,
570 1005 637 1047 non
666 982 700 1046 in
730 982 818 1046 ouria
846 982 902 1046 sed
924 981 960 1046 in
981 983 1133 1052 factione

104 1079 159 1139 est.
196 1072 321 1138 utinam
346 1072 474 1155 quidem
493 1072 558 1136 iam
576 1075 762 1136 tenerentur
779 1071 888 1136 omniu
906 1074 939 1136 et
957 1071 993 1135 in
1011 1080 1131 1158 aperto

104 1163 250 1228 confesse
272 1161 390 1226 veritas
414 1165 498 1226 esset
519 1160 666 1244 nihilque
689 1183 729 1226 ex
752 1160 886 1226 decretis
910 1164 1132 1230 mutaremus!
1148 1185 1170 1225 lc

103 1273 189 1316 nunc
219 1251 387 1316 veritatem
417 1271 491 1314 oum
521 1249 566 1313 eis
596 1249 675 1333 ipsis
704 1249 759 1333 qui
787 1250 902 1314 docent
930 1253 1130 1332 quaerimus.

68 1357 83 1405 2
104 1342 184 1405 duae
208 1339 346 1403 maxime
370 1342 402 1402 et
424 1339 459 1402 in
481 1338 542 1403 hac
564 1360 599 1402 re
623 1339 779 1404 dissident
802 1345 920 1422 sectae,
947 1338 1131 1424 Epicureo·

102 1452 175 1493 rum
190 1433 221 1492 et
231 1426 424 1510 Stoicorum,
437 1427 493 1491 sed
506 1431 643 1511 utraque
653 1427 693 1491 ud
703 1429 806 1492 otium
816 1428 941 1492 diverse
950 1428 1004 1492 viu
1014 1431 1130 1498 mittit

102 1518 263 1600 Epicurus
291 1515 349 1580 ait:
377 1515 460 1581 ‘non
486 1517 616 1582 accedet
643 1517 774 1581 adrem
799 1516 962 1600 publicum
986 1521 1130 1605 sepiem,

103 1606 166 1670 nisi
189 1606 217 1670 si
240 1605 318 1689 quid
340 1605 574 1689 intervenerit'3
603 1603 715 1671 Zenon
737 1607 796 1670 uit:
824 1606 968 1671 ‘accedet
991 1608 1034 1673 ad
1059 1633 1129 1676 rem
1146 1629 1167 1670 n

68 1695 280 1779 epublicam‚
314 1695 378 1760 nisi
409 1695 437 1760 si
467 1695 544 1778 quid
576 1694 776 1779 impedierit'.
831 1695 911 1760 alter
943 1696 1051 1763 otium
1090 1722 1129 1765 ex

103 1785 270 1870 proposito
300 1784 397 1869 petit,
426 1785 506 1849 alter
529 1807 569 1849 ex
591 1806 700 1868 ceuse3
730 1805 826 1850 censa
849 1788 955 1850 autem
978 1784 1039 1851 illa
1062 1789 1128 1854 late

103 1878 199 1958 petet.
247 1874 274 1941 si
296 1896 347 1939 res
370 1874 501 1958 publice
524 1874 705 1957 corruptior
728 1876 777 1938 est
801 1895 897 1957 quam
919 1879 954 1938 ut
977 1875 1129 1943 adiuvari

102 1965 220 2048 possit,
250 1964 277 2029 si
305 1968 461 2048 occupate
488 1968 537 2028 est
564 1964 671 2047 melis,
700 1985 767 2027 non
793 1963 915 2028 nitetur
937 1965 1071 2048 sepiens
1094 1968 1129 2032 in

103 2075 336 2137 supervacuum
371 2075 431 2118 nec
467 2075 500 2117 se
536 2053 620 2117 nihil
655 2052 844 2136 profuturus
879 2052 1063 2140 impendet3
1101 2057 1129 2122 si
1145 2077 1167 2116 so

103 2165 218 2226 parum
245 2142 377 2206 hebebit
406 2141 607 2207 auctoritatis
635 2146 691 2206 aut
718 2141 835 2206 virium
862 2163 922 2207 nec
944 2141 1039 2207 illum
1066 2145 1130 2210 erit

67 2247 84 2294 4
103 2230 281 2295 admissura
299 2254 348 2296 res
367 2230 511 2314 publica,
530 2231 557 2297 si
575 2231 725 2296 valetudo
745 2231 838 2294 illum
856 2230 1027 2316 impediet,
1047 2255 1129 2319 quo-

103 2320 199 2383 modo
218 2341 333 2384 navem
353 2340 501 2401 quassam
519 2341 586 2384 non
605 2320 775 2384 deduceret
790 2319 825 2383 in
838 2341 938 2403 mere,
957 2323 1128 2403 quomodo

102 2429 221 2472 nomen
243 2409 278 2471 in
298 2407 447 2472 militiam
465 2430 533 2472 non
551 2408 641 2472 daret
659 2408 788 2493 debilis,
811 2409 858 2474 sic
877 2408 917 2473 ed
934 2408 1012 2494 iter,
1037 2414 1129 2495 quod

191 2582 228 2636 14
245 2583 327 2651 Epic.
342 2584 441 2654 froom.
457 2583 494 2638 9*
514 2585 558 2638 Ue.
577 2582 587 2656 ll
605 2583 640 2636 15
659 2585 760 2639 Zenon.
775 2585 812 2651 fr.
827 2590 879 2641 170
892 2585 986 2639 Peare.

191 2707 207 2761 1
228 2706 336 2761 adalios
360 2709 440 2762 actus
464 2709 572 2763 animos
592 2708 695 2762 referre
714 2711 742 2764 A
766 2709 803 2762 ed
822 2712 902 2764 octus
921 2708 1043 2763 eliorum
1064 2713 1128 2767 ani-

102 2794 163 2831 mos
185 2777 288 2832 referre
307 2779 429 2850 Pfereuiy
454 2780 491 2833 ed
515 2779 585 2834 ulios
610 2782 689 2834 aetus
709 2797 793 2835 canos
811 2781 915 2836 referre
937 2781 998 2836 Jou.
1016 2783 1129 2839 Mulier

104 2849 141 2903 ud
160 2849 231 2903 alios
250 2850 328 2904 actui
346 2851 497 2906 armandos
515 2868 544 2906 se
563 2851 613 2906 ref.
628 2851 764 2908 Schultess
781 2851 790 2923 ll
807 2852 825 2905 2
844 2851 941 2906 diuisis
959 2852 1029 2922 vulp.
1050 2853 1128 2909 diui·

102 2921 140 2974 tis
154 2924 182 2977 A
199 2921 209 2993 ll
233 2921 247 2975 7
268 2923 401 2990 quonium
417 2923 498 2978 Gertz
517 2927 573 2991 qne
587 2926 615 2979 A
633 2940 699 2977 nom
714 2923 833 2994 Medoep
855 2923 865 2996 ll
886 2923 904 2978 8
923 2923 955 2977 in
973 2924 1054 2978 curia
1074 2926 1128 2981 sed

102 2992 134 3047 in
151 2992 275 3048 faotione
294 2996 337 3048 est
352 2995 471 3065 Mudoip
488 2995 593 3048 iniuria
611 2994 661 3050 sed
679 2995 841 3048 infectionis
855 2997 883 3050 A
901 3011 958 3048 non
975 2994 1008 3048 id
1027 2997 1128 3053 curies

103 3064 152 3120 sed
170 3065 229 3118 iem
247 3065 379 3119 fectionis
398 3068 441 3121 est
459 3067 575 3135 Lipsius
596 3065 606 3138 Η
627 3067 645 3120 9
665 3066 696 3120 in
714 3067 812 3136 aperto
831 3065 959 3121 confesse
977 3066 1128 3126 mammet

102 3137 232 3205 inoperta
256 3137 384 3191 confessu
398 3140 426 3193 A
448 3137 578 3206 inoperta
596 3154 630 3191 oc
649 3137 721 3192 conf.
740 3138 808 3208 oolp.
827 3138 898 3193 male
920 3137 951 3191 in
969 3141 1070 3206 aperto
1091 3156 1128 3195 ac

103 3208 229 3262 confesso
244 3209 383 3276 Wolfflin,
397 3210 444 3264 sed
457 3209 508 3275 cfr.
524 3210 679 3264 Klammere‘
692 3210 831 3264 coenredo.
844 3211 991 3264 Achaean.
1005 3225 1126 3279 gramm.

103 3280 180 3335 Dies,
195 3281 288 3335 Boon.
302 3284 375 3336 1878
388 3298 418 3350 p.
434 3285 451 3334 4
470 3280 479 3353 ll
497 3279 533 3334 18
547 3297 633 3349 quam
650 3282 684 3334 ut
701 3282 768 3351 oolp.
788 3284 845 3348 qud
859 3282 887 3335 A
904 3280 914 3352 Η
932 3279 967 3334 19
981 3284 1127 3351 occupata

103 3352 146 3404 est
161 3350 244 3404 mulis
262 3352 330 3422 voly.
350 3351 539 3424 osculutelest
556 3352 639 3405 mulis
653 3354 681 3407 A
701 3368 718 3405 u
735 3351 819 3406 molis
837 3358 913 3420 optat
928 3351 1062 3423 Madvip,
1075 3355 1127 3410 sed

103 3423 195 3476 datico
204 3423 244 3477 sic
252 3440 332 3492 saepe
340 3425 429 3479 retiner
436 3424 538 3479 Seneca
547 3424 597 3490 cfr.
605 3424 684 3490 iufra
693 3440 723 3492 p.
733 3427 821 3490 235,5
831 3421 974 3477 obcullatu
984 3425 1029 3477 est
1038 3425 1126 3481 mulis

105 3492 186 3549 Gertz
204 3493 263 3548 coll.
278 3511 322 3566 pu.
337 3501 395 3550 nat.
410 3497 518 3563 1V13,
533 3500 568 3551 10
589 3493 600 3567 ll
623 3494 659 3548 24
678 3494 753 3562 quod
771 3493 897 3548 inhabile
916 3493 987 3548 sciet
1002 3493 1032 3549 A
1053 3499 1126 3562 (eccl.

56 3564 141 3617 wo
156 3566 222 3620 suri
238 3567 358 3643 ce're'bue)
376 3569 452 3642 quod
470 3575 547 3627 teneo
567 3584 630 3624 cum
644 3567 746 3638 Mopor
764 3567 877 3634 puceu.
888 3565 916 3629 of
932 3565 1001 3630 pud.
1011 3566 1075 3620 VII
1088 3575 1127 3624 51
