2400 3840
127 257 129 262 .
199 206 249 261 AD
270 205 485 262 GALLIONEM
501 205 550 261 DE
569 205 658 260 VITA
675 206 799 260 ΒΕΑΤΑ
817 205 893 261 clf.
909 212 951 262 22.
967 212 1001 260 23
1042 210 1106 277 221

88 352 206 418 habere
224 352 347 437 aliquid
361 353 395 417 in
409 373 444 417 se
457 351 554 436 pretii
567 354 600 416 et
613 351 676 416 alia
690 351 761 416 aliis
776 373 844 417 esse
858 352 1007 437 potiora?
1039 354 1108 437 qui·

89 441 224 508 busdam
243 442 337 507 exiis
351 441 506 506 tribuitur
519 439 641 524 aliquid
654 440 800 524 honoris,
819 442 1012 525 quibusdam
1026 443 1107 507 mul-

88 535 166 596 tum.
202 554 243 596 ne
262 551 346 596 erres
364 530 487 614 itaque,
505 530 589 595 inter
607 531 734 613 potiora
752 530 882 595 divitiae
896 534 980 596 sunt.
1013 530 1107 614 ‘quid
1126 547 1142 597 o

88 619 182 706 ergo'
206 620 313 704 inquis
338 619 404 684 ‘me
428 619 564 702 derides,
588 640 662 684 oum
685 618 820 684 eundem
843 624 922 704 aput
944 624 976 684 te
998 621 1107 685 loaum

56 731 68 770 5
87 710 238 793 habeant,
259 731 353 793 quem
372 712 452 792 aput
468 707 557 773 me‘?'
592 706 642 773 ris
660 709 755 791 seire,
773 729 869 791 quam
887 730 954 773 non
972 710 1107 774 eundem

87 799 227 863 habeant
262 796 393 863 locum?
446 796 527 862 mihi
564 796 693 862 divitiae
730 797 759 861 si
792 797 987 881 effluxerint,
1024 798 1107 862 nihil

88 887 233 952 auferent
258 887 323 951 nisi
345 890 446 952 semet
467 887 569 970 ipsas,
590 889 628 951 tu
650 885 793 970 stupebis
816 890 849 951 et
870 886 1027 952 videberis
1046 887 1107 952 tibi

88 977 158 1041 sine
188 979 220 1041 te
252 975 397 1060 reliotna,
433 975 461 1040 si
490 975 565 1040 illae
597 998 616 1039 a
647 978 679 1040 te
711 975 912 1059 recesserint3
944 979 1024 1059 aput
1054 998 1106 1040 me

88 1065 218 1130 divitiae
246 1065 386 1149 aliquem
413 1066 522 1130 looum
545 1064 677 1148 habent,
707 1068 787 1149 aput
807 1068 840 1130 te
863 1086 1038 1149 summum3
1066 1065 1106 1129 ad

42 1176 68 1215 ιο
86 1158 285 1239 postremum
309 1153 439 1220 divitiae
461 1175 550 1218 meae
574 1158 662 1236 sunt,
683 1157 721 1218 tu
744 1153 928 1218 divitiarum
951 1176 992 1219 es.

176 1259 294 1326 XXIII.
335 1261 454 1327 Desine
490 1282 567 1347 ergo
604 1260 807 1345 philosophis
844 1260 980 1344 pecunia
1011 1260 1141 1325 inter-1

87 1351 204 1416 dioere:
226 1372 322 1416 nemo
346 1348 536 1435 sapientiam
559 1352 748 1434 paupertate
767 1349 938 1415 damnarit.
975 1349 1108 1414 habebit

86 1440 299 1524 philosophus
318 1440 441 1522 amplas
461 1461 552 1524 opes,
575 1439 630 1504 sed
647 1439 731 1504 nulli
749 1439 906 1505 detractas
924 1460 984 1504 neo
1002 1439 1106 1504 alieno

87 1529 242 1614 sanguine
265 1532 427 1611 cruentas,
450 1527 518 1592 sine
541 1529 730 1613 cuiusquam
753 1528 871 1592 iniuria
891 1532 1015 1613 partas,
1038 1527 1106 1593 sine

42 1637 67 1678 15
87 1617 224 1682 sordidis
254 1616 454 1700 quaestibus,
484 1639 620 1700 quarum
649 1620 716 1681 tam
745 1616 900 1683 honestus
931 1619 974 1683 sit
1001 1618 1106 1682 exitus

87 1727 185 1788 quam
203 1704 370 1788 introitus,
391 1705 507 1789 quibus
526 1726 620 1770 nemo
640 1706 836 1790 ingemescat
853 1706 917 1770 nisi
935 1707 1105 1792 malignus.

87 1794 121 1856 in
140 1797 295 1876 quantum
314 1794 363 1857 vis
383 1814 540 1879 exaggera
558 1794 644 1859 illas:
662 1793 816 1860 honestae
830 1798 919 1877 sunt,
937 1795 971 1858 in
990 1795 1106 1878 quibus

87 1903 161 1947 oum
183 1882 286 1946 multa
310 1882 387 1967 sint,
411 1904 492 1966 quae
516 1904 574 1948 sua
597 1882 733 1967 quisque
752 1883 816 1948 diei
834 1883 924 1965 velit,
947 1881 1031 1946 nihil
1049 1885 1105 1965 est,

87 1971 174 2056 quod
197 1971 367 2055 quisquam
391 1993 485 2036 suum
507 1971 611 2056 possit
633 1971 745 2036 dioere.
782 1971 837 2036 ille
860 1992 935 2035 vero
959 1971 1140 2036 fortunaea

40 2082 68 2122 20
86 2060 319 2147 benignitatem
346 2083 365 2124 a
393 2083 426 2126 se
448 2082 515 2125 non
538 2060 754 2126 summovebit
775 2063 808 2125 et
830 2059 1024 2142 patrimonio
1048 2081 1106 2143 per

86 2152 222 2216 honesta
249 2150 394 2234 quaesito
416 2171 476 2215 neo
499 2149 690 2236 gloriabitur
711 2170 772 2214 neo
794 2150 965 2214 erubesoet.
1011 2148 1106 2214 habe-

86 2240 135 2304 bit
157 2244 267 2304 tamen
289 2239 386 2304 etiam
410 2261 474 2324 quo
498 2238 668 2325 glorietur,
694 2238 722 2303 si
745 2241 856 2322 aperta
878 2238 974 2303 domo
998 2242 1030 2304 et
1053 2238 1106 2302 ad-

86 2329 185 2394 missa
214 2330 248 2393 in
276 2350 327 2394 res
355 2351 428 2394 suas
452 2328 581 2394 civitate
604 2328 724 2413 poterit
746 2327 863 2393 dioere:
893 2326 997 2412 ‘quod
1020 2328 1106 2411 quis·

323 2418 330 2431 .
493 2416 504 2446 ,
812 2417 818 2430 .
1045 2418 1051 2430 .

40 2527 67 2567 2⁵
87 2418 491 2590 dbdmhffiblebdbthffld
509 2421 1106 2573 vodenlndddlhnhdehlduhldhubridlwild

87 2595 173 2660 dieo:
192 2595 221 2660 si
237 2597 309 2660 tuto
329 2599 361 2660 et
379 2617 509 2662 securus
528 2597 757 2662 scrutationem
775 2596 897 2680 populo
912 2595 1104 2679 praebuerit,

87 2685 115 2748 si
145 2682 229 2748 nihil
259 2683 429 2768 quisquam
460 2688 540 2769 aput
566 2685 660 2750 illum
689 2684 860 2768 invenerit,
890 2685 968 2769 quoi
990 2706 1104 2750 manus

87 2772 207 2857 inioiat,
224 2773 387 2838 audaciter
404 2777 436 2838 et
453 2774 621 2859 propalam
636 2773 696 2838 erit
710 2774 807 2839 dives.
838 2773 965 2858 sapiens
978 2773 1105 2838 nullum
1124 2786 1140 2835 e

88 2861 253 2927 denarium
282 2861 368 2927 intra
396 2862 496 2928 limen
525 2884 619 2929 suum
642 2863 789 2928 admittet
811 2864 896 2928 male
918 2864 1105 2946 intrantem3

176 3073 193 3126 1
219 3073 308 3142 precii
330 3075 351 3125 7
374 3072 417 3128 A⁶
440 3090 475 3130 ea
497 3073 539 3130 A¹
567 3075 705 3143 sumptura
734 3074 893 3144 dispicitur:
924 3072 999 3142 preti
1025 3070 1105 3174 ..H

86 3143 105 3198 4
122 3144 287 3216 mesdendes
301 3143 343 3199 A¹
360 3145 409 3199 sed
425 3163 446 3198 n
462 3146 495 3200 ia
512 3145 538 3200 ri
555 3151 662 3201 mutare
674 3146 762 3201 votuit
773 3145 837 3211 fort.
852 3142 895 3199 A²
907 3142 917 3215 Η
934 3143 1050 3212 tquem
1062 3143 1091 3197 A

84 3232 105 3270 a.
120 3233 144 3271 o.
163 3231 249 3284 quam
268 3215 311 3271 A¹
332 3214 347 3318 ll
366 3215 384 3271 8
401 3215 451 3271 ille
469 3217 497 3272 A
519 3215 529 3288 Η
550 3216 568 3271 9
587 3233 739 3283 summum
759 3216 797 3270 ad
815 3229 832 3269 ς
850 3219 968 3269 summu.
997 3229 1031 3269 ae
1049 3214 1077 3269 A
1094 3213 1105 3286 ΙΙ

85 3286 121 3341 16
138 3286 291 3358 malignius
305 3287 333 3342 A
364 3304 433 3343 sorr.
448 3287 490 3343 A⁶
507 3287 518 3360 ΙΙ
535 3287 571 3343 18
588 3288 671 3342 iusua
690 3287 785 3356 quisq3
805 3286 876 3341 dicit
892 3285 965 3340 uelit
978 3284 1021 3340 A¹
1034 3301 1103 3341 corr.

84 3359 117 3412 ia
134 3375 219 3429 murp.
234 3358 277 3413 A‘⁵
293 3357 304 3431 Η
325 3358 361 3413 22
398 3358 536 3414 lorientur
551 3359 580 3414 A
596 3357 607 3432 Η
629 3358 665 3413 al
683 3375 699 3413 o
718 3360 804 3414 altero
824 3359 880 3412 loro
899 3357 963 3412 odd.
979 3357 1103 3426 Lapara.

85 3428 135 3495 cfr.
150 3431 226 3499 epist
241 3435 286 3498 70,
298 3434 336 3486 21
354 3429 364 3502 Η
380 3377 416 3484 {l
435 3431 503 3499 quoi
517 3430 637 3500 Madeip
654 3431 723 3498 quot
737 3429 776 3485 A¹
794 3429 842 3485 sed
858 3445 945 3498 supra
962 3429 977 3482 t
993 3429 1111 3495 porum

85 3505 208 3555 musam
232 3500 325 3556 littera
349 3500 529 3649 uthaalde)
558 3503 664 3572 scriptu
688 3501 764 3569 fait,
790 3506 890 3570 posteo.
915 3504 944 3553 st
959 3498 1041 3550 base
1065 3498 1095 3542 e.
1113 3492 1137 3534 ‘a

86 3586 181 3625 erasae
196 3577 263 3626 runt
275 3571 290 3643 l}
304 3571 342 3628 28
360 3572 454 3629 audeo
482 3575 528 3631 ter
543 3579 571 3632 A
588 3575 675 3648 (erue.
689 3573 716 3644 it
