<?xml version="1.0" encoding="UTF-8"?>
<!DOCTYPE html PUBLIC "-//W3C//DTD XHTML 1.0 Transitional//EN"
    "http://www.w3.org/TR/xhtml1/DTD/xhtml1-transitional.dtd">
<html xmlns="http://www.w3.org/1999/xhtml" xml:lang="en" lang="en">
 <head>
  <title>
</title>
<meta http-equiv="Content-Type" content="text/html;charset=utf-8" />
  <meta name='ocr-system' content='tesseract 3.04.00' />
  <meta name='ocr-capabilities' content='ocr_page ocr_carea ocr_par ocr_line ocrx_word'/>
</head>
<body>
  <div class='ocr_page' id='page_1' title='image "./dialogorumlibro00senegoog_0074.png"; bbox 0 0 2400 3840; ppageno 0'>
   <div class='ocr_carea' id='block_1_1' title="bbox 370 151 1100 239">
    <p class='ocr_par' dir='ltr' id='par_1_1' title="bbox 370 151 1100 239">
     <span class='ocr_line' id='line_1_1' title="bbox 370 151 1100 239; baseline -0.003 -15"><span class='ocrx_word' id='word_1_1' title='bbox 370 171 420 225; x_wconf 86' lang='lat' dir='ltr'><strong>nn</strong></span> <span class='ocrx_word' id='word_1_2' title='bbox 438 151 503 224; x_wconf 75' lang='lat' dir='ltr'><strong>ias</strong></span> <span class='ocrx_word' id='word_1_3' title='bbox 521 170 588 226; x_wconf 82' lang='lat' dir='ltr'><strong>mn.</strong></span> <span class='ocrx_word' id='word_1_4' title='bbox 603 170 624 224; x_wconf 91' lang='lat'><strong>1.</strong></span> <span class='ocrx_word' id='word_1_5' title='bbox 658 167 735 224; x_wconf 77' lang='lat' dir='ltr'><strong>car.</strong></span> <span class='ocrx_word' id='word_1_6' title='bbox 751 175 807 223; x_wconf 81' lang='lat' dir='ltr'><strong>aa</strong></span> <span class='ocrx_word' id='word_1_7' title='bbox 1056 174 1100 239; x_wconf 87' lang='lat'><strong>49</strong></span> 
     </span>
    </p>
   </div>
   <div class='ocr_carea' id='block_1_2' title="bbox 35 317 1197 1453">
    <p class='ocr_par' dir='ltr' id='par_1_2' title="bbox 81 317 1137 670">
     <span class='ocr_line' id='line_1_2' title="bbox 169 317 1137 401; baseline -0.001 -14"><span class='ocrx_word' id='word_1_8' title='bbox 169 358 183 387; x_wconf 69' lang='grc' dir='ltr'><strong>ι</strong></span> <span class='ocrx_word' id='word_1_9' title='bbox 202 357 216 386; x_wconf 70' lang='grc' dir='ltr'><strong>ι</strong></span> <span class='ocrx_word' id='word_1_10' title='bbox 234 358 248 387; x_wconf 70' lang='grc' dir='ltr'>ι</span> <span class='ocrx_word' id='word_1_11' title='bbox 271 321 436 401; x_wconf 87' lang='lat' dir='ltr'><strong>tamquam</strong></span> <span class='ocrx_word' id='word_1_12' title='bbox 469 321 524 381; x_wconf 91' lang='lat' dir='ltr'><strong>aut</strong></span> <span class='ocrx_word' id='word_1_13' title='bbox 557 338 666 381; x_wconf 88' lang='lat' dir='ltr'><strong>curam</strong></span> <span class='ocrx_word' id='word_1_14' title='bbox 703 319 846 381; x_wconf 90' lang='lat' dir='ltr'><strong>nostram</strong></span> <span class='ocrx_word' id='word_1_15' title='bbox 884 317 1137 386; x_wconf 83' lang='lat' dir='ltr'><strong>deserentibus4</strong></span> 
     </span>
     <span class='ocr_line' id='line_1_3' title="bbox 81 405 1101 491; baseline -0.001 -19"><span class='ocrx_word' id='word_1_16' title='bbox 81 411 137 472; x_wconf 88' lang='lat' dir='ltr'><strong>aut</strong></span> <span class='ocrx_word' id='word_1_17' title='bbox 158 407 383 471; x_wconf 89' lang='lat' dir='ltr'><strong>auctoritatem</strong></span> <span class='ocrx_word' id='word_1_18' title='bbox 406 407 692 470; x_wconf 70' lang='lat' dir='ltr'><strong>contemnentibus.</strong></span> <span class='ocrx_word' id='word_1_19' title='bbox 730 405 830 489; x_wconf 86' lang='lat' dir='ltr'><strong>quid?</strong></span> <span class='ocrx_word' id='word_1_20' title='bbox 870 406 1101 491; x_wconf 71' lang='lat' dir='ltr'><strong>gladiatoribus</strong></span> 
     </span>
     <span class='ocr_line' id='line_1_4' title="bbox 82 495 1101 582; baseline -0.002 -21"><span class='ocrx_word' id='word_1_21' title='bbox 82 519 179 582; x_wconf 88' lang='lat' dir='ltr'><strong>quare</strong></span> <span class='ocrx_word' id='word_1_22' title='bbox 210 496 351 580; x_wconf 92' lang='lat' dir='ltr'><strong>populus</strong></span> <span class='ocrx_word' id='word_1_23' title='bbox 383 495 531 559; x_wconf 77' lang='lat' dir='ltr'><strong>irascitur</strong></span> <span class='ocrx_word' id='word_1_24' title='bbox 562 498 594 559; x_wconf 87' lang='lat' dir='ltr'><strong>et</strong></span> <span class='ocrx_word' id='word_1_25' title='bbox 625 497 693 558; x_wconf 90' lang='lat' dir='ltr'><strong>tam</strong></span> <span class='ocrx_word' id='word_1_26' title='bbox 725 495 848 579; x_wconf 87' lang='lat' dir='ltr'><strong>inique,</strong></span> <span class='ocrx_word' id='word_1_27' title='bbox 883 499 920 559; x_wconf 91' lang='lat' dir='ltr'><strong>ut</strong></span> <span class='ocrx_word' id='word_1_28' title='bbox 952 496 1101 559; x_wconf 91' lang='lat' dir='ltr'><strong>iniuriam</strong></span> 
     </span>
     <span class='ocr_line' id='line_1_5' title="bbox 81 583 1102 670; baseline -0.003 -20"><span class='ocrx_word' id='word_1_29' title='bbox 81 589 186 670; x_wconf 85' lang='lat' dir='ltr'><strong>putet,</strong></span> <span class='ocrx_word' id='word_1_30' title='bbox 209 585 296 668; x_wconf 89' lang='lat' dir='ltr'><strong>quod</strong></span> <span class='ocrx_word' id='word_1_31' title='bbox 318 605 385 648; x_wconf 92' lang='lat' dir='ltr'><strong>non</strong></span> <span class='ocrx_word' id='word_1_32' title='bbox 407 584 543 648; x_wconf 79' lang='lat' dir='ltr'><strong>libenter</strong></span> <span class='ocrx_word' id='word_1_33' title='bbox 561 583 717 668; x_wconf 82' lang='lat' dir='ltr'><strong>pereunt?</strong></span> <span class='ocrx_word' id='word_1_34' title='bbox 749 585 911 648; x_wconf 77' lang='lat' dir='ltr'><strong>contemni</strong></span> <span class='ocrx_word' id='word_1_35' title='bbox 930 607 964 650; x_wconf 89' lang='lat' dir='ltr'><strong>se</strong></span> <span class='ocrx_word' id='word_1_36' title='bbox 982 585 1102 650; x_wconf 90' lang='lat' dir='ltr'><strong>iudicat</strong></span> 
     </span>
    </p>

    <p class='ocr_par' dir='ltr' id='par_1_3' title="bbox 48 672 1197 1113">
     <span class='ocr_line' id='line_1_6' title="bbox 48 672 1197 759; baseline -0.001 -22"><span class='ocrx_word' id='word_1_37' title='bbox 48 698 62 736; x_wconf 84' lang='lat' dir='ltr'><strong>s</strong></span> <span class='ocrx_word' id='word_1_38' title='bbox 81 679 112 739; x_wconf 90' lang='lat' dir='ltr'><strong>et</strong></span> <span class='ocrx_word' id='word_1_39' title='bbox 128 675 235 758; x_wconf 88' lang='lat' dir='ltr'><strong>vultu,</strong></span> <span class='ocrx_word' id='word_1_40' title='bbox 253 677 359 759; x_wconf 83' lang='lat' dir='ltr'><strong>gestu,</strong></span> <span class='ocrx_word' id='word_1_41' title='bbox 378 673 490 737; x_wconf 88' lang='lat' dir='ltr'><strong>ardore</strong></span> <span class='ocrx_word' id='word_1_42' title='bbox 509 696 528 737; x_wconf 90' lang='lat' dir='ltr'><strong>a</strong></span> <span class='ocrx_word' id='word_1_43' title='bbox 546 676 725 756; x_wconf 80' lang='lat' dir='ltr'><strong>spectatore</strong></span> <span class='ocrx_word' id='word_1_44' title='bbox 748 674 782 736; x_wconf 91' lang='lat' dir='ltr'><strong>in</strong></span> <span class='ocrx_word' id='word_1_45' title='bbox 804 672 1020 738; x_wconf 85' lang='lat' dir='ltr'><strong>adversarium</strong></span> <span class='ocrx_word' id='word_1_46' title='bbox 1033 695 1102 737; x_wconf 82' lang='lat' dir='ltr'><strong>ver·</strong></span> <span class='ocrx_word' id='word_1_47' title='bbox 1195 681 1197 685; x_wconf 78' lang='grc'>’</span> 
     </span>
     <span class='ocr_line' id='line_1_7' title="bbox 81 762 1136 846; baseline 0.005 -19"><span class='ocrx_word' id='word_1_48' title='bbox 81 765 168 827; x_wconf 86' lang='lat' dir='ltr'><strong>titur.</strong></span> <span class='ocrx_word' id='word_1_49' title='bbox 215 762 369 846; x_wconf 89' lang='lat' dir='ltr'><strong>quicquid</strong></span> <span class='ocrx_word' id='word_1_50' title='bbox 397 766 445 826; x_wconf 87' lang='lat' dir='ltr'><strong>est</strong></span> <span class='ocrx_word' id='word_1_51' title='bbox 471 763 549 846; x_wconf 87' lang='lat' dir='ltr'><strong>tale,</strong></span> <span class='ocrx_word' id='word_1_52' title='bbox 580 783 647 826; x_wconf 92' lang='lat' dir='ltr'><strong>non</strong></span> <span class='ocrx_word' id='word_1_53' title='bbox 674 765 722 827; x_wconf 80' lang='lat' dir='ltr'><strong>est</strong></span> <span class='ocrx_word' id='word_1_54' title='bbox 749 763 811 844; x_wconf 91' lang='lat' dir='ltr'><strong>ira,</strong></span> <span class='ocrx_word' id='word_1_55' title='bbox 843 762 898 827; x_wconf 89' lang='lat' dir='ltr'><strong>sed</strong></span> <span class='ocrx_word' id='word_1_56' title='bbox 926 763 1018 845; x_wconf 83' lang='lat' dir='ltr'><strong>quasi</strong></span> <span class='ocrx_word' id='word_1_57' title='bbox 1045 763 1136 845; x_wconf 71' lang='lat' dir='ltr'><strong>irai</strong></span> 
     </span>
     <span class='ocr_line' id='line_1_8' title="bbox 82 851 1102 936; baseline -0.002 -20"><span class='ocrx_word' id='word_1_58' title='bbox 82 854 166 917; x_wconf 90' lang='lat' dir='ltr'><strong>sicut</strong></span> <span class='ocrx_word' id='word_1_59' title='bbox 197 873 383 936; x_wconf 86' lang='lat' dir='ltr'><strong>puerorum,</strong></span> <span class='ocrx_word' id='word_1_60' title='bbox 416 852 472 934; x_wconf 93' lang='lat' dir='ltr'><strong>qui</strong></span> <span class='ocrx_word' id='word_1_61' title='bbox 504 853 533 916; x_wconf 90' lang='lat' dir='ltr'><strong>si</strong></span> <span class='ocrx_word' id='word_1_62' title='bbox 564 851 760 934; x_wconf 82' lang='lat' dir='ltr'><strong>ceciderunt,</strong></span> <span class='ocrx_word' id='word_1_63' title='bbox 795 855 914 915; x_wconf 87' lang='lat' dir='ltr'><strong>terram</strong></span> <span class='ocrx_word' id='word_1_64' title='bbox 943 852 1102 916; x_wconf 84' lang='lat' dir='ltr'><strong>verberari</strong></span> 
     </span>
     <span class='ocr_line' id='line_1_9' title="bbox 81 940 1102 1024; baseline -0.002 -19"><span class='ocrx_word' id='word_1_65' title='bbox 81 942 196 1005; x_wconf 83' lang='lat' dir='ltr'><strong>volunt</strong></span> <span class='ocrx_word' id='word_1_66' title='bbox 219 943 251 1005; x_wconf 89' lang='lat' dir='ltr'><strong>et</strong></span> <span class='ocrx_word' id='word_1_67' title='bbox 273 962 367 1024; x_wconf 89' lang='lat' dir='ltr'><strong>saepe</strong></span> <span class='ocrx_word' id='word_1_68' title='bbox 389 962 430 1004; x_wconf 92' lang='lat' dir='ltr'><strong>ne</strong></span> <span class='ocrx_word' id='word_1_69' title='bbox 454 940 560 1005; x_wconf 88' lang='lat' dir='ltr'><strong>sciunt</strong></span> <span class='ocrx_word' id='word_1_70' title='bbox 583 940 726 1024; x_wconf 87' lang='lat' dir='ltr'><strong>quidem,</strong></span> <span class='ocrx_word' id='word_1_71' title='bbox 749 961 807 1004; x_wconf 90' lang='lat' dir='ltr'><strong>our</strong></span> <span class='ocrx_word' id='word_1_72' title='bbox 828 940 1020 1024; x_wconf 82' lang='lat' dir='ltr'><strong>irascantur,</strong></span> <span class='ocrx_word' id='word_1_73' title='bbox 1047 940 1102 1006; x_wconf 90' lang='lat' dir='ltr'><strong>sed</strong></span> 
     </span>
     <span class='ocr_line' id='line_1_10' title="bbox 81 1028 1102 1113; baseline -0.001 -19"><span class='ocrx_word' id='word_1_74' title='bbox 81 1033 208 1094; x_wconf 87' lang='lat' dir='ltr'><strong>tantum</strong></span> <span class='ocrx_word' id='word_1_75' title='bbox 226 1030 421 1113; x_wconf 87' lang='lat' dir='ltr'><strong>irascuntur,</strong></span> <span class='ocrx_word' id='word_1_76' title='bbox 438 1030 507 1094; x_wconf 91' lang='lat' dir='ltr'><strong>sine</strong></span> <span class='ocrx_word' id='word_1_77' title='bbox 525 1051 621 1094; x_wconf 89' lang='lat' dir='ltr'><strong>causa</strong></span> <span class='ocrx_word' id='word_1_78' title='bbox 634 1032 666 1093; x_wconf 91' lang='lat' dir='ltr'><strong>et</strong></span> <span class='ocrx_word' id='word_1_79' title='bbox 680 1030 748 1094; x_wconf 91' lang='lat' dir='ltr'><strong>sine</strong></span> <span class='ocrx_word' id='word_1_80' title='bbox 767 1028 897 1112; x_wconf 88' lang='lat' dir='ltr'><strong>iniuria,</strong></span> <span class='ocrx_word' id='word_1_81' title='bbox 914 1033 1102 1094; x_wconf 89' lang='lat' dir='ltr'><strong>nontamen</strong></span> 
     </span>
    </p>

    <p class='ocr_par' dir='ltr' id='par_1_4' title="bbox 35 1119 1102 1453">
     <span class='ocr_line' id='line_1_11' title="bbox 35 1119 1102 1203; baseline -0.003 -19"><span class='ocrx_word' id='word_1_82' title='bbox 35 1145 63 1184; x_wconf 81' lang='lat' dir='ltr'><strong>ro</strong></span> <span class='ocrx_word' id='word_1_83' title='bbox 82 1121 150 1186; x_wconf 88' lang='lat' dir='ltr'><strong>sine</strong></span> <span class='ocrx_word' id='word_1_84' title='bbox 173 1120 282 1203; x_wconf 84' lang='lat' dir='ltr'><strong>aliqua</strong></span> <span class='ocrx_word' id='word_1_85' title='bbox 305 1120 439 1183; x_wconf 89' lang='lat' dir='ltr'><strong>iniuriae</strong></span> <span class='ocrx_word' id='word_1_86' title='bbox 463 1119 568 1202; x_wconf 88' lang='lat' dir='ltr'><strong>specie</strong></span> <span class='ocrx_word' id='word_1_87' title='bbox 590 1140 660 1183; x_wconf 88' lang='lat' dir='ltr'><strong>nec.</strong></span> <span class='ocrx_word' id='word_1_88' title='bbox 673 1119 742 1183; x_wconf 91' lang='lat' dir='ltr'><strong>sine</strong></span> <span class='ocrx_word' id='word_1_89' title='bbox 769 1119 878 1203; x_wconf 90' lang='lat' dir='ltr'><strong>aliqua</strong></span> <span class='ocrx_word' id='word_1_90' title='bbox 905 1140 1026 1202; x_wconf 90' lang='lat' dir='ltr'><strong>poenae</strong></span> <span class='ocrx_word' id='word_1_91' title='bbox 1049 1139 1102 1182; x_wconf 89' lang='lat' dir='ltr'><strong>cu-</strong></span> 
     </span>
     <span class='ocr_line' id='line_1_12' title="bbox 82 1208 1102 1293; baseline -0.002 -20"><span class='ocrx_word' id='word_1_92' title='bbox 82 1209 223 1293; x_wconf 85' lang='lat' dir='ltr'><strong>piditate.</strong></span> <span class='ocrx_word' id='word_1_93' title='bbox 271 1209 465 1273; x_wconf 81' lang='lat' dir='ltr'><strong>deluduntur</strong></span> <span class='ocrx_word' id='word_1_94' title='bbox 501 1209 609 1291; x_wconf 87' lang='lat' dir='ltr'><strong>itaque</strong></span> <span class='ocrx_word' id='word_1_95' title='bbox 648 1208 828 1272; x_wconf 85' lang='lat' dir='ltr'><strong>imitatione</strong></span> <span class='ocrx_word' id='word_1_96' title='bbox 864 1208 1033 1293; x_wconf 83' lang='lat' dir='ltr'><strong>plagarum</strong></span> <span class='ocrx_word' id='word_1_97' title='bbox 1070 1211 1102 1271; x_wconf 91' lang='lat' dir='ltr'><strong>et</strong></span> 
     </span>
     <span class='ocr_line' id='line_1_13' title="bbox 82 1296 1102 1382; baseline -0.004 -18"><span class='ocrx_word' id='word_1_98' title='bbox 82 1299 240 1364; x_wconf 76' lang='lat' dir='ltr'><strong>simulatis</strong></span> <span class='ocrx_word' id='word_1_99' title='bbox 255 1297 495 1382; x_wconf 88' lang='lat' dir='ltr'><strong>deprecantium</strong></span> <span class='ocrx_word' id='word_1_100' title='bbox 509 1297 650 1362; x_wconf 83' lang='lat' dir='ltr'><strong>lacrimis</strong></span> <span class='ocrx_word' id='word_1_101' title='bbox 665 1297 834 1380; x_wconf 87' lang='lat' dir='ltr'><strong>placantur</strong></span> <span class='ocrx_word' id='word_1_102' title='bbox 848 1300 880 1360; x_wconf 90' lang='lat' dir='ltr'><strong>et</strong></span> <span class='ocrx_word' id='word_1_103' title='bbox 889 1296 971 1362; x_wconf 86' lang='lat' dir='ltr'><strong>falsa</strong></span> <span class='ocrx_word' id='word_1_104' title='bbox 979 1297 1102 1361; x_wconf 92' lang='lat' dir='ltr'><strong>ultione</strong></span> 
     </span>
     <span class='ocr_line' id='line_1_14' title="bbox 81 1388 453 1453; baseline -0.003 -2"><span class='ocrx_word' id='word_1_105' title='bbox 81 1388 181 1453; x_wconf 85' lang='lat' dir='ltr'><strong>falsus</strong></span> <span class='ocrx_word' id='word_1_106' title='bbox 205 1388 298 1452; x_wconf 90' lang='lat' dir='ltr'><strong>dolor</strong></span> <span class='ocrx_word' id='word_1_107' title='bbox 320 1388 453 1451; x_wconf 80' lang='lat' dir='ltr'><strong>tollitur.</strong></span> 
     </span>
    </p>
   </div>
   <div class='ocr_carea' id='block_1_3' title="bbox 35 1491 1137 2375">
    <p class='ocr_par' dir='ltr' id='par_1_5' title="bbox 35 1491 1135 1842">
     <span class='ocr_line' id='line_1_15' title="bbox 170 1491 1135 1576; baseline 0.003 -19"><span class='ocrx_word' id='word_1_108' title='bbox 170 1492 225 1557; x_wconf 92' lang='grc' dir='ltr'><strong>ΙΠ.</strong></span> <span class='ocrx_word' id='word_1_109' title='bbox 250 1491 444 1558; x_wconf 77' lang='lat' dir='ltr'><strong>‘irascimur&#39;</strong></span> <span class='ocrx_word' id='word_1_110' title='bbox 476 1493 583 1575; x_wconf 88' lang='lat' dir='ltr'><strong>inquit</strong></span> <span class='ocrx_word' id='word_1_111' title='bbox 614 1491 720 1575; x_wconf 78' lang='lat' dir='ltr'><strong>‘saepe</strong></span> <span class='ocrx_word' id='word_1_112' title='bbox 752 1514 819 1556; x_wconf 90' lang='lat' dir='ltr'><strong>non</strong></span> <span class='ocrx_word' id='word_1_113' title='bbox 850 1492 915 1557; x_wconf 88' lang='lat' dir='ltr'><strong>illis</strong></span> <span class='ocrx_word' id='word_1_114' title='bbox 948 1493 1004 1576; x_wconf 91' lang='lat' dir='ltr'><strong>qui</strong></span> <span class='ocrx_word' id='word_1_115' title='bbox 1040 1493 1135 1560; x_wconf 69' lang='lat' dir='ltr'><strong>lae-1</strong></span> 
     </span>
     <span class='ocr_line' id='line_1_16' title="bbox 35 1581 1103 1664; baseline -0.004 -16"><span class='ocrx_word' id='word_1_116' title='bbox 35 1608 62 1648; x_wconf 73' lang='grc' dir='ltr'><strong>ιι</strong></span> <span class='ocrx_word' id='word_1_117' title='bbox 82 1587 207 1664; x_wconf 87' lang='lat' dir='ltr'><strong>serunt,</strong></span> <span class='ocrx_word' id='word_1_118' title='bbox 229 1583 284 1646; x_wconf 89' lang='lat' dir='ltr'><strong>sed</strong></span> <span class='ocrx_word' id='word_1_119' title='bbox 307 1582 347 1646; x_wconf 88' lang='lat' dir='ltr'><strong>iis</strong></span> <span class='ocrx_word' id='word_1_120' title='bbox 371 1582 427 1664; x_wconf 90' lang='lat' dir='ltr'><strong>qui</strong></span> <span class='ocrx_word' id='word_1_121' title='bbox 448 1582 567 1645; x_wconf 86' lang='lat' dir='ltr'><strong>laesuri</strong></span> <span class='ocrx_word' id='word_1_122' title='bbox 591 1584 678 1645; x_wconf 88' lang='lat' dir='ltr'><strong>sunt:</strong></span> <span class='ocrx_word' id='word_1_123' title='bbox 706 1584 743 1644; x_wconf 89' lang='lat' dir='ltr'><strong>ut</strong></span> <span class='ocrx_word' id='word_1_124' title='bbox 765 1582 847 1645; x_wconf 86' lang='lat' dir='ltr'><strong>scias</strong></span> <span class='ocrx_word' id='word_1_125' title='bbox 871 1581 951 1645; x_wconf 88' lang='lat' dir='ltr'><strong>iram</strong></span> <span class='ocrx_word' id='word_1_126' title='bbox 974 1603 1041 1645; x_wconf 91' lang='lat' dir='ltr'><strong>non</strong></span> <span class='ocrx_word' id='word_1_127' title='bbox 1063 1603 1103 1645; x_wconf 85' lang='lat' dir='ltr'><strong>ex</strong></span> 
     </span>
     <span class='ocr_line' id='line_1_17' title="bbox 82 1669 1103 1753; baseline 0 -19"><span class='ocrx_word' id='word_1_128' title='bbox 82 1671 199 1734; x_wconf 87' lang='lat' dir='ltr'><strong>iniuria</strong></span> <span class='ocrx_word' id='word_1_129' title='bbox 221 1669 330 1734; x_wconf 83' lang='lat' dir='ltr'><strong>nasci&#39;</strong></span> <span class='ocrx_word' id='word_1_130' title='bbox 375 1691 487 1734; x_wconf 85' lang='lat' dir='ltr'><strong>verum</strong></span> <span class='ocrx_word' id='word_1_131' title='bbox 514 1673 562 1734; x_wconf 77' lang='lat' dir='ltr'><strong>est</strong></span> <span class='ocrx_word' id='word_1_132' title='bbox 590 1670 685 1734; x_wconf 87' lang='lat' dir='ltr'><strong>irasci</strong></span> <span class='ocrx_word' id='word_1_133' title='bbox 706 1691 766 1734; x_wconf 88' lang='lat' dir='ltr'><strong>nos</strong></span> <span class='ocrx_word' id='word_1_134' title='bbox 784 1670 932 1753; x_wconf 84' lang='lat' dir='ltr'><strong>laesuris,</strong></span> <span class='ocrx_word' id='word_1_135' title='bbox 954 1670 1103 1753; x_wconf 84' lang='lat' dir='ltr'><strong>sedipsa</strong></span> 
     </span>
     <span class='ocr_line' id='line_1_18' title="bbox 84 1758 1102 1842; baseline 0.001 -19"><span class='ocrx_word' id='word_1_136' title='bbox 84 1759 279 1842; x_wconf 81' lang='lat' dir='ltr'><strong>cogitatione</strong></span> <span class='ocrx_word' id='word_1_137' title='bbox 315 1779 375 1821; x_wconf 94' lang='lat' dir='ltr'><strong>nos</strong></span> <span class='ocrx_word' id='word_1_138' title='bbox 413 1758 558 1840; x_wconf 89' lang='lat' dir='ltr'><strong>laedunt,</strong></span> <span class='ocrx_word' id='word_1_139' title='bbox 599 1761 631 1821; x_wconf 90' lang='lat' dir='ltr'><strong>et</strong></span> <span class='ocrx_word' id='word_1_140' title='bbox 670 1758 821 1822; x_wconf 88' lang='lat' dir='ltr'><strong>iniuriam</strong></span> <span class='ocrx_word' id='word_1_141' title='bbox 863 1759 919 1840; x_wconf 92' lang='lat' dir='ltr'><strong>qui</strong></span> <span class='ocrx_word' id='word_1_142' title='bbox 959 1759 1102 1824; x_wconf 74' lang='lat' dir='ltr'><strong>fauturus</strong></span> 
     </span>
    </p>

    <p class='ocr_par' dir='ltr' id='par_1_6' title="bbox 35 1844 1137 2375">
     <span class='ocr_line' id='line_1_19' title="bbox 84 1844 1137 1930; baseline 0.001 -20"><span class='ocrx_word' id='word_1_143' title='bbox 84 1849 133 1911; x_wconf 92' lang='lat' dir='ltr'><strong>est</strong></span> <span class='ocrx_word' id='word_1_144' title='bbox 160 1846 224 1910; x_wconf 87' lang='lat' dir='ltr'><strong>iam</strong></span> <span class='ocrx_word' id='word_1_145' title='bbox 252 1846 337 1910; x_wconf 89' lang='lat' dir='ltr'><strong>facit.</strong></span> <span class='ocrx_word' id='word_1_146' title='bbox 376 1845 424 1909; x_wconf 80' lang='lat' dir='ltr'><strong>‘ut</strong></span> <span class='ocrx_word' id='word_1_147' title='bbox 446 1844 540 1911; x_wconf 88' lang='lat' dir='ltr'><strong>scias&#39;</strong></span> <span class='ocrx_word' id='word_1_148' title='bbox 559 1846 665 1928; x_wconf 91' lang='lat' dir='ltr'><strong>inquit</strong></span> <span class='ocrx_word' id='word_1_149' title='bbox 686 1845 765 1910; x_wconf 81' lang='lat' dir='ltr'><strong>‘non</strong></span> <span class='ocrx_word' id='word_1_150' title='bbox 787 1868 855 1912; x_wconf 88' lang='lat' dir='ltr'><strong>esse</strong></span> <span class='ocrx_word' id='word_1_151' title='bbox 878 1847 958 1909; x_wconf 88' lang='lat' dir='ltr'><strong>iram</strong></span> <span class='ocrx_word' id='word_1_152' title='bbox 982 1868 1137 1930; x_wconf 25' lang='lat' dir='ltr'><strong>poenae-s</strong></span> 
     </span>
     <span class='ocr_line' id='line_1_20' title="bbox 83 1934 1103 2019; baseline -0.002 -19"><span class='ocrx_word' id='word_1_153' title='bbox 83 1935 303 2019; x_wconf 83' lang='lat' dir='ltr'><strong>cupiditatem,</strong></span> <span class='ocrx_word' id='word_1_154' title='bbox 320 1935 532 2000; x_wconf 87' lang='lat' dir='ltr'><strong>infirmissimi</strong></span> <span class='ocrx_word' id='word_1_155' title='bbox 551 1956 644 2017; x_wconf 86' lang='lat' dir='ltr'><strong>saepe</strong></span> <span class='ocrx_word' id='word_1_156' title='bbox 667 1934 899 2017; x_wconf 87' lang='lat' dir='ltr'><strong>potentissimis</strong></span> <span class='ocrx_word' id='word_1_157' title='bbox 922 1935 1103 1999; x_wconf 81' lang='lat' dir='ltr'><strong>irascuntur</strong></span> 
     </span>
     <span class='ocr_line' id='line_1_21' title="bbox 35 2022 1102 2108; baseline -0.003 -17"><span class='ocrx_word' id='word_1_158' title='bbox 35 2051 62 2092; x_wconf 79' lang='lat' dir='ltr'><strong>ao</strong></span> <span class='ocrx_word' id='word_1_159' title='bbox 81 2046 142 2089; x_wconf 89' lang='lat' dir='ltr'><strong>nec</strong></span> <span class='ocrx_word' id='word_1_160' title='bbox 159 2046 298 2108; x_wconf 89' lang='lat' dir='ltr'><strong>poenam</strong></span> <span class='ocrx_word' id='word_1_161' title='bbox 320 2023 553 2107; x_wconf 90' lang='lat' dir='ltr'><strong>concupiscunt</strong></span> <span class='ocrx_word' id='word_1_162' title='bbox 576 2044 673 2106; x_wconf 89' lang='lat' dir='ltr'><strong>quam</strong></span> <span class='ocrx_word' id='word_1_163' title='bbox 695 2045 763 2086; x_wconf 91' lang='lat' dir='ltr'><strong>non</strong></span> <span class='ocrx_word' id='word_1_164' title='bbox 781 2022 930 2106; x_wconf 68' lang='lat' dir='ltr'><strong>sperant?</strong></span> <span class='ocrx_word' id='word_1_165' title='bbox 962 2023 1102 2107; x_wconf 90' lang='lat' dir='ltr'><strong>primum</strong></span> 
     </span>
     <span class='ocr_line' id='line_1_22' title="bbox 82 2111 1103 2197; baseline -0.001 -18"><span class='ocrx_word' id='word_1_166' title='bbox 82 2114 222 2179; x_wconf 88' lang='lat' dir='ltr'><strong>diximus</strong></span> <span class='ocrx_word' id='word_1_167' title='bbox 247 2113 456 2197; x_wconf 88' lang='lat' dir='ltr'><strong>cupiditatem</strong></span> <span class='ocrx_word' id='word_1_168' title='bbox 479 2134 547 2178; x_wconf 87' lang='lat' dir='ltr'><strong>esse</strong></span> <span class='ocrx_word' id='word_1_169' title='bbox 570 2133 691 2196; x_wconf 89' lang='lat' dir='ltr'><strong>poenae</strong></span> <span class='ocrx_word' id='word_1_170' title='bbox 710 2111 899 2197; x_wconf 86' lang='lat' dir='ltr'><strong>exigendae,</strong></span> <span class='ocrx_word' id='word_1_171' title='bbox 919 2134 986 2176; x_wconf 91' lang='lat' dir='ltr'><strong>non</strong></span> <span class='ocrx_word' id='word_1_172' title='bbox 1004 2113 1103 2178; x_wconf 87' lang='lat' dir='ltr'><strong>facul·</strong></span> 
     </span>
     <span class='ocr_line' id='line_1_23' title="bbox 81 2201 1103 2287; baseline 0 -19"><span class='ocrx_word' id='word_1_173' title='bbox 81 2207 195 2287; x_wconf 82' lang='lat' dir='ltr'><strong>tatem3</strong></span> <span class='ocrx_word' id='word_1_174' title='bbox 218 2203 451 2286; x_wconf 84' lang='lat' dir='ltr'><strong>concupiscunt</strong></span> <span class='ocrx_word' id='word_1_175' title='bbox 477 2204 585 2266; x_wconf 90' lang='lat' dir='ltr'><strong>autem</strong></span> <span class='ocrx_word' id='word_1_176' title='bbox 613 2201 759 2267; x_wconf 89' lang='lat' dir='ltr'><strong>homines</strong></span> <span class='ocrx_word' id='word_1_177' title='bbox 788 2204 820 2266; x_wconf 92' lang='lat' dir='ltr'><strong>et</strong></span> <span class='ocrx_word' id='word_1_178' title='bbox 843 2224 924 2284; x_wconf 92' lang='lat' dir='ltr'><strong>quae</strong></span> <span class='ocrx_word' id='word_1_179' title='bbox 945 2223 1013 2267; x_wconf 91' lang='lat' dir='ltr'><strong>non</strong></span> <span class='ocrx_word' id='word_1_180' title='bbox 1030 2225 1103 2287; x_wconf 91' lang='lat' dir='ltr'><strong>pos-</strong></span> 
     </span>
     <span class='ocr_line' id='line_1_24' title="bbox 83 2291 1104 2375; baseline -0.001 -18"><span class='ocrx_word' id='word_1_181' title='bbox 83 2296 165 2358; x_wconf 84' lang='lat' dir='ltr'><strong>sunt.</strong></span> <span class='ocrx_word' id='word_1_182' title='bbox 212 2292 325 2357; x_wconf 88' lang='lat' dir='ltr'><strong>deinde</strong></span> <span class='ocrx_word' id='word_1_183' title='bbox 357 2313 451 2357; x_wconf 92' lang='lat' dir='ltr'><strong>nemo</strong></span> <span class='ocrx_word' id='word_1_184' title='bbox 481 2295 548 2355; x_wconf 87' lang='lat' dir='ltr'><strong>tam</strong></span> <span class='ocrx_word' id='word_1_185' title='bbox 572 2291 704 2356; x_wconf 90' lang='lat' dir='ltr'><strong>humilis</strong></span> <span class='ocrx_word' id='word_1_186' title='bbox 727 2294 790 2374; x_wconf 87' lang='lat' dir='ltr'><strong>est,</strong></span> <span class='ocrx_word' id='word_1_187' title='bbox 812 2292 869 2375; x_wconf 89' lang='lat' dir='ltr'><strong>qni</strong></span> <span class='ocrx_word' id='word_1_188' title='bbox 891 2313 1028 2375; x_wconf 90' lang='lat' dir='ltr'><strong>poenam</strong></span> <span class='ocrx_word' id='word_1_189' title='bbox 1050 2294 1104 2357; x_wconf 83' lang='lat' dir='ltr'><strong>vel</strong></span> 
     </span>
    </p>
   </div>
   <div class='ocr_carea' id='block_1_4' title="bbox 79 2466 1177 3607">
    <p class='ocr_par' dir='ltr' id='par_1_7' title="bbox 79 2466 1177 3605">
     <span class='ocr_line' id='line_1_25' title="bbox 82 2466 1131 2535; baseline -0.004 -13"><span class='ocrx_word' id='word_1_190' title='bbox 82 2468 206 2533; x_wconf 67' lang='lat' dir='ltr'><strong>derisui,</strong></span> <span class='ocrx_word' id='word_1_191' title='bbox 203 2485 240 2521; x_wconf 89' lang='lat' dir='ltr'><strong>o</strong></span> <span class='ocrx_word' id='word_1_192' title='bbox 256 2469 403 2535; x_wconf 87' lang='lat' dir='ltr'><strong>tamquam</strong></span> <span class='ocrx_word' id='word_1_193' title='bbox 417 2468 446 2521; x_wconf 98' lang='lat' dir='ltr'><strong><em>A</em></strong></span> <span class='ocrx_word' id='word_1_194' title='bbox 463 2482 561 2521; x_wconf 78' lang='grc' dir='ltr'>ιιιιιιιι</span> <span class='ocrx_word' id='word_1_195' title='bbox 578 2467 685 2535; x_wconf 78' lang='lat' dir='ltr'><strong>incipit.</strong></span> <span class='ocrx_word' id='word_1_196' title='bbox 704 2466 781 2520; x_wconf 77' lang='lat' dir='ltr'><strong>baad</strong></span> <span class='ocrx_word' id='word_1_197' title='bbox 794 2482 890 2534; x_wconf 81' lang='lat' dir='ltr'><strong>pauca</strong></span> <span class='ocrx_word' id='word_1_198' title='bbox 906 2467 981 2521; x_wconf 81' lang='lat' dir='ltr'><strong>bic</strong></span> <span class='ocrx_word' id='word_1_199' title='bbox 969 2485 1000 2520; x_wconf 87' lang='grc' dir='ltr'><strong>ιιι</strong></span> <span class='ocrx_word' id='word_1_200' title='bbox 1015 2469 1102 2522; x_wconf 79' lang='lat' dir='ltr'><strong>omni·</strong></span> <span class='ocrx_word' id='word_1_201' title='bbox 1127 2512 1131 2518; x_wconf 93' lang='lat'><strong>.</strong></span> 
     </span>
     <span class='ocr_line' id='line_1_26' title="bbox 82 2509 1103 2621; baseline -0.001 -29"><span class='ocrx_word' id='word_1_202' title='bbox 82 2540 135 2593; x_wconf 82' lang='lat' dir='ltr'><strong>bas</strong></span> <span class='ocrx_word' id='word_1_203' title='bbox 151 2509 289 2592; x_wconf 73' lang='lat' dir='ltr'><strong>codicibus</strong></span> <span class='ocrx_word' id='word_1_204' title='bbox 306 2538 477 2592; x_wconf 79' lang='lat' dir='ltr'><strong>intercidisse</strong></span> <span class='ocrx_word' id='word_1_205' title='bbox 495 2553 551 2591; x_wconf 83' lang='grc' dir='ltr'>ιιιο</span> <span class='ocrx_word' id='word_1_206' title='bbox 570 2544 619 2591; x_wconf 79' lang='lat' dir='ltr'><strong>out</strong></span> <span class='ocrx_word' id='word_1_207' title='bbox 637 2537 769 2606; x_wconf 77' lang='lat' dir='ltr'><strong>pluritas</strong></span> <span class='ocrx_word' id='word_1_208' title='bbox 791 2537 849 2592; x_wconf 84' lang='lat' dir='ltr'><strong>cod.</strong></span> <span class='ocrx_word' id='word_1_209' title='bbox 868 2539 960 2592; x_wconf 67' lang='lat' dir='ltr'><strong>eremi</strong></span> <span class='ocrx_word' id='word_1_210' title='bbox 949 2540 1010 2608; x_wconf 79' lang='lat' dir='ltr'><strong>typi</strong></span> <span class='ocrx_word' id='word_1_211' title='bbox 1026 2537 1103 2621; x_wconf 74' lang='lat' dir='ltr'><strong>soliis</strong></span> 
     </span>
     <span class='ocr_line' id='line_1_27' title="bbox 82 2609 1104 2764; baseline 0 -30"><span class='ocrx_word' id='word_1_212' title='bbox 82 2609 570 2764; x_wconf 51' lang='lat' dir='ltr'><strong>{immutabitis</strong></span> <span class='ocrx_word' id='word_1_213' title='bbox 587 2609 1104 2735; x_wconf 59' lang='lat' dir='ltr'><strong>wittttttttttlttt</strong></span> 
     </span>
     <span class='ocr_line' id='line_1_28' title="bbox 84 2750 1103 2821; baseline -0.002 -14"><span class='ocrx_word' id='word_1_214' title='bbox 84 2753 159 2820; x_wconf 84' lang='lat' dir='ltr'><strong>(de</strong></span> <span class='ocrx_word' id='word_1_215' title='bbox 146 2768 193 2806; x_wconf 79' lang='lat' dir='ltr'><strong>ira</strong></span> <span class='ocrx_word' id='word_1_216' title='bbox 210 2751 295 2806; x_wconf 80' lang='lat' dir='ltr'><strong>deie</strong></span> <span class='ocrx_word' id='word_1_217' title='bbox 311 2752 370 2821; x_wconf 69' lang='lat' dir='ltr'><strong>m:</strong></span> <span class='ocrx_word' id='word_1_218' title='bbox 396 2750 518 2805; x_wconf 85' lang='lat' dir='ltr'><strong>nescisse</strong></span> <span class='ocrx_word' id='word_1_219' title='bbox 534 2753 628 2805; x_wconf 88' lang='lat' dir='ltr'><strong>autem</strong></span> <span class='ocrx_word' id='word_1_220' title='bbox 642 2750 839 2820; x_wconf 84' lang='lat' dir='ltr'><strong>philosophos,</strong></span> <span class='ocrx_word' id='word_1_221' title='bbox 854 2766 928 2819; x_wconf 85' lang='lat' dir='ltr'><strong>quae</strong></span> <span class='ocrx_word' id='word_1_222' title='bbox 941 2751 1015 2804; x_wconf 84' lang='lat' dir='ltr'><strong>ratio</strong></span> <span class='ocrx_word' id='word_1_223' title='bbox 1029 2753 1103 2805; x_wconf 86' lang='lat' dir='ltr'><strong>esset</strong></span> 
     </span>
     <span class='ocr_line' id='line_1_29' title="bbox 82 2821 1103 2892; baseline -0.002 -15"><span class='ocrx_word' id='word_1_224' title='bbox 82 2824 156 2889; x_wconf 84' lang='lat' dir='ltr'><strong>irae,</strong></span> <span class='ocrx_word' id='word_1_225' title='bbox 175 2824 296 2892; x_wconf 85' lang='lat' dir='ltr'><strong>apparet</strong></span> <span class='ocrx_word' id='word_1_226' title='bbox 314 2838 349 2877; x_wconf 86' lang='lat' dir='ltr'><strong>ex</strong></span> <span class='ocrx_word' id='word_1_227' title='bbox 367 2821 578 2877; x_wconf 85' lang='lat' dir='ltr'><strong>definitionibus</strong></span> <span class='ocrx_word' id='word_1_228' title='bbox 597 2838 794 2890; x_wconf 67' lang='lat' dir='ltr'><strong>eorumquae</strong></span> <span class='ocrx_word' id='word_1_229' title='bbox 809 2821 915 2877; x_wconf 84' lang='lat' dir='ltr'><strong>Seneca</strong></span> <span class='ocrx_word' id='word_1_230' title='bbox 929 2822 1103 2876; x_wconf 85' lang='lat' dir='ltr'><strong>enumeravit</strong></span> 
     </span>
     <span class='ocr_line' id='line_1_30' title="bbox 81 2891 1103 3048; baseline -0.002 -29"><span class='ocrx_word' id='word_1_231' title='bbox 81 2891 806 3032; x_wconf 50' lang='lat' dir='ltr'><strong>nitidissimi.astitistis?</strong></span> <span class='ocrx_word' id='word_1_232' title='bbox 809 2893 1103 3048; x_wconf 45' lang='lat' dir='ltr'><strong>..institistis</strong></span> 
     </span>
     <span class='ocr_line' id='line_1_31' title="bbox 82 3007 1101 3105; baseline -0.002 -15"><span class='ocrx_word' id='word_1_233' title='bbox 82 3037 156 3104; x_wconf 81' lang='lat' dir='ltr'><strong>eins,</strong></span> <span class='ocrx_word' id='word_1_234' title='bbox 176 3052 268 3105; x_wconf 87' lang='lat' dir='ltr'><strong>aquo</strong></span> <span class='ocrx_word' id='word_1_235' title='bbox 290 3035 351 3090; x_wconf 88' lang='lat' dir='ltr'><strong>te</strong></span> <span class='ocrx_word' id='word_1_236' title='bbox 342 3036 440 3104; x_wconf 85' lang='lat' dir='ltr'><strong>mique</strong></span> <span class='ocrx_word' id='word_1_237' title='bbox 462 3037 545 3104; x_wconf 88' lang='lat' dir='ltr'><strong>putes</strong></span> <span class='ocrx_word' id='word_1_238' title='bbox 565 3034 682 3090; x_wconf 89' lang='lat' dir='ltr'><strong>laesum.</strong></span> <span class='ocrx_word' id='word_1_239' title='bbox 720 3007 842 3101; x_wconf 82' lang='lat' dir='ltr'><strong>Quidam</strong></span> <span class='ocrx_word' id='word_1_240' title='bbox 860 3035 903 3089; x_wconf 93' lang='lat' dir='ltr'><strong>ita</strong></span> <span class='ocrx_word' id='word_1_241' title='bbox 922 3035 1101 3089; x_wconf 88' lang='lat' dir='ltr'><strong>definierunt:</strong></span> 
     </span>
     <span class='ocr_line' id='line_1_32' title="bbox 81 3106 1103 3243; baseline -0.004 -9"><span class='ocrx_word' id='word_1_242' title='bbox 81 3106 710 3235; x_wconf 53' lang='lat' dir='ltr'><strong>irrdeeidivdldiimdriiildtldiisadeliiiiiiddribnn</strong></span> <span class='ocrx_word' id='word_1_243' title='bbox 728 3106 851 3231; x_wconf 69' lang='lat' dir='ltr'><strong>ririiltddi</strong></span> <span class='ocrx_word' id='word_1_244' title='bbox 865 3106 1103 3243; x_wconf 59' lang='lat' dir='ltr'><strong>durioiltiduidbdsii</strong></span> 
     </span>
     <span class='ocr_line' id='line_1_33' title="bbox 82 3219 1103 3319; baseline -0.003 -14"><span class='ocrx_word' id='word_1_245' title='bbox 82 3251 127 3306; x_wconf 89' lang='lat' dir='ltr'><strong>ait</strong></span> <span class='ocrx_word' id='word_1_246' title='bbox 145 3251 221 3305; x_wconf 88' lang='lat' dir='ltr'><strong>enim</strong></span> <span class='ocrx_word' id='word_1_247' title='bbox 238 3251 311 3305; x_wconf 88' lang='lat' dir='ltr'><strong>iram</strong></span> <span class='ocrx_word' id='word_1_248' title='bbox 330 3266 390 3304; x_wconf 88' lang='lat' dir='ltr'><strong>esse</strong></span> <span class='ocrx_word' id='word_1_249' title='bbox 409 3249 596 3319; x_wconf 87' lang='lat' dir='ltr'><strong>cupiditatem</strong></span> <span class='ocrx_word' id='word_1_250' title='bbox 611 3248 715 3303; x_wconf 87' lang='lat' dir='ltr'><strong>doloris</strong></span> <span class='ocrx_word' id='word_1_251' title='bbox 728 3248 909 3317; x_wconf 86' lang='lat' dir='ltr'><strong>rependendi.</strong></span> <span class='ocrx_word' id='word_1_252' title='bbox 938 3264 1008 3317; x_wconf 76' lang='lat' dir='ltr'><strong>qaae</strong></span> <span class='ocrx_word' id='word_1_253' title='bbox 1021 3219 1103 3302; x_wconf 77' lang='lat' dir='ltr'><strong>verbi</strong></span> 
     </span>
     <span class='ocr_line' id='line_1_34' title="bbox 80 3318 1117 3404; baseline -0.008 -26"><span class='ocrx_word' id='word_1_254' title='bbox 80 3321 199 3391; x_wconf 79' lang='lat' dir='ltr'><strong>infrap</strong></span> <span class='ocrx_word' id='word_1_255' title='bbox 201 3320 650 3404; x_wconf 70' lang='lat' dir='ltr'><strong>,50,2le91miarllltanquam</strong></span> <span class='ocrx_word' id='word_1_256' title='bbox 665 3320 707 3376; x_wconf 65' lang='grc' dir='ltr'><strong>Αὓ</strong></span> <span class='ocrx_word' id='word_1_257' title='bbox 723 3320 833 3394; x_wconf 73' lang='lat' dir='ltr'><strong>llsscur</strong></span> <span class='ocrx_word' id='word_1_258' title='bbox 848 3320 950 3375; x_wconf 65' lang='lat' dir='ltr'><strong>(imiter</strong></span> <span class='ocrx_word' id='word_1_259' title='bbox 963 3318 1117 3386; x_wconf 58' lang='lat' dir='ltr'><strong>cuiALtt</strong></span> 
     </span>
     <span class='ocr_line' id='line_1_35' title="bbox 82 3389 1132 3465; baseline -0.012 -16"><span class='ocrx_word' id='word_1_260' title='bbox 82 3392 195 3449; x_wconf 84' lang='lat'>1011</span> <span class='ocrx_word' id='word_1_261' title='bbox 139 3409 176 3465; x_wconf 72' lang='lat' dir='ltr'><strong>pe</strong></span> <span class='ocrx_word' id='word_1_262' title='bbox 225 3394 254 3448; x_wconf 90' lang='lat' dir='ltr'><strong><em>A</em></strong></span> <span class='ocrx_word' id='word_1_263' title='bbox 272 3394 349 3462; x_wconf 74' lang='lat' dir='ltr'><strong>(fiet</strong></span> <span class='ocrx_word' id='word_1_264' title='bbox 332 3394 388 3461; x_wconf 74' lang='lat' dir='ltr'><strong>fere</strong></span> <span class='ocrx_word' id='word_1_265' title='bbox 405 3395 518 3461; x_wconf 82' lang='lat' dir='ltr'><strong>semper)</strong></span> <span class='ocrx_word' id='word_1_266' title='bbox 537 3392 547 3465; x_wconf 72' lang='lat' dir='ltr'><strong>ll</strong></span> <span class='ocrx_word' id='word_1_267' title='bbox 508 3391 600 3461; x_wconf 84' lang='lat'><strong>)14</strong></span> <span class='ocrx_word' id='word_1_268' title='bbox 617 3392 755 3460; x_wconf 84' lang='lat' dir='ltr'><strong>inquitA</strong></span> <span class='ocrx_word' id='word_1_269' title='bbox 772 3393 797 3463; x_wconf 64' lang='lat' dir='ltr'><strong>&lt;t</strong></span> <span class='ocrx_word' id='word_1_270' title='bbox 815 3407 891 3447; x_wconf 72' lang='lat' dir='ltr'><strong>corr</strong></span> <span class='ocrx_word' id='word_1_271' title='bbox 909 3407 945 3444; x_wconf 79' lang='lat' dir='ltr'><strong>ea</strong></span> <span class='ocrx_word' id='word_1_272' title='bbox 964 3389 1047 3440; x_wconf 70' lang='lat' dir='ltr'><strong>dia.</strong></span> <span class='ocrx_word' id='word_1_273' title='bbox 1058 3390 1132 3436; x_wconf 67' lang='lat' dir='ltr'><strong>but</strong></span> 
     </span>
     <span class='ocr_line' id='line_1_36' title="bbox 79 3399 1157 3536; baseline -0.013 -15"><span class='ocrx_word' id='word_1_274' title='bbox 79 3481 149 3534; x_wconf 76' lang='lat' dir='ltr'><strong>saep</strong></span> <span class='ocrx_word' id='word_1_275' title='bbox 150 3399 283 3534; x_wconf 61' lang='lat' dir='ltr'><strong>edidit(</strong></span> <span class='ocrx_word' id='word_1_276' title='bbox 285 3464 296 3536; x_wconf 72' lang='lat' dir='ltr'><strong>ll</strong></span> <span class='ocrx_word' id='word_1_277' title='bbox 320 3463 356 3518; x_wconf 77' lang='lat' dir='ltr'><strong>lt</strong></span> <span class='ocrx_word' id='word_1_278' title='bbox 373 3464 478 3518; x_wconf 88' lang='lat' dir='ltr'><strong>laesuri</strong></span> <span class='ocrx_word' id='word_1_279' title='bbox 497 3480 567 3521; x_wconf 73' lang='lat' dir='ltr'><strong>coir.</strong></span> <span class='ocrx_word' id='word_1_280' title='bbox 585 3464 644 3521; x_wconf 86' lang='lat' dir='ltr'><strong>eid.</strong></span> <span class='ocrx_word' id='word_1_281' title='bbox 664 3481 699 3520; x_wconf 82' lang='lat' dir='ltr'><strong>ec</strong></span> <span class='ocrx_word' id='word_1_282' title='bbox 713 3463 831 3521; x_wconf 79' lang='lat' dir='ltr'><strong>laesuri</strong></span> <span class='ocrx_word' id='word_1_283' title='bbox 851 3462 880 3518; x_wconf 77' lang='lat' dir='ltr'><strong><em>A</em></strong></span> <span class='ocrx_word' id='word_1_284' title='bbox 898 3458 979 3532; x_wconf 59' lang='lat' dir='ltr'><strong>lm</strong></span> <span class='ocrx_word' id='word_1_285' title='bbox 996 3453 1157 3508; x_wconf 54' lang='lat' dir='ltr'><strong>mnium</strong></span> 
     </span>
     <span class='ocr_line' id='line_1_37' title="bbox 80 3467 1177 3607; baseline -0.03 -14"><span class='ocrx_word' id='word_1_286' title='bbox 80 3537 153 3605; x_wconf 73' lang='lat' dir='ltr'><strong>eolp.</strong></span> <span class='ocrx_word' id='word_1_287' title='bbox 172 3536 225 3588; x_wconf 65' lang='lat' dir='ltr'><strong>ria</strong></span> <span class='ocrx_word' id='word_1_288' title='bbox 241 3467 307 3607; x_wconf 76' lang='lat' dir='ltr'><strong>Ad</strong></span> <span class='ocrx_word' id='word_1_289' title='bbox 327 3534 365 3590; x_wconf 75' lang='lat'><strong>22</strong></span> <span class='ocrx_word' id='word_1_290' title='bbox 381 3536 511 3594; x_wconf 86' lang='lat' dir='ltr'><strong>homines</strong></span> <span class='ocrx_word' id='word_1_291' title='bbox 532 3537 575 3595; x_wconf 71' lang='grc' dir='ltr'><strong>Αὕ</strong></span> <span class='ocrx_word' id='word_1_292' title='bbox 593 3537 654 3596; x_wconf 82' lang='lat' dir='ltr'><strong>oid</strong></span> <span class='ocrx_word' id='word_1_293' title='bbox 678 3554 755 3597; x_wconf 77' lang='lat' dir='ltr'><strong>corr</strong></span> <span class='ocrx_word' id='word_1_294' title='bbox 780 3555 816 3594; x_wconf 77' lang='lat' dir='ltr'><strong>ea</strong></span> <span class='ocrx_word' id='word_1_295' title='bbox 842 3546 951 3589; x_wconf 77' lang='lat' dir='ltr'><strong>ornnes</strong></span> <span class='ocrx_word' id='word_1_296' title='bbox 969 3527 1020 3581; x_wconf 77' lang='lat' dir='ltr'><strong>oet</strong></span> <span class='ocrx_word' id='word_1_297' title='bbox 1029 3523 1177 3575; x_wconf 62' lang='lat' dir='ltr'><strong>*nomnen</strong></span> 
     </span>
    </p>
   </div>
   <div class='ocr_carea' id='block_1_5' title="bbox 123 3640 953 3694">
    <p class='ocr_par' dir='ltr' id='par_1_8' title="bbox 123 3640 953 3694">
     <span class='ocr_line' id='line_1_38' title="bbox 123 3640 953 3694; baseline 0.031 -14"><span class='ocrx_word' id='word_1_298' title='bbox 123 3640 242 3684; x_wconf 70' lang='lat' dir='ltr'><strong>Suram</strong></span> <span class='ocrx_word' id='word_1_299' title='bbox 253 3651 338 3688; x_wconf 70' lang='lat' dir='ltr'><strong>orans</strong></span> <span class='ocrx_word' id='word_1_300' title='bbox 353 3645 373 3687; x_wconf 83' lang='lat'><strong>1.</strong></span> <span class='ocrx_word' id='word_1_301' title='bbox 386 3650 405 3690; x_wconf 93' lang='lat'><strong>1</strong></span> <span class='ocrx_word' id='word_1_302' title='bbox 415 3648 453 3691; x_wconf 86' lang='lat' dir='ltr'><strong>ed.</strong></span> <span class='ocrx_word' id='word_1_303' title='bbox 466 3651 558 3693; x_wconf 80' lang='lat' dir='ltr'><strong>Herm</strong></span> <span class='ocrx_word' id='word_1_304' title='bbox 533 3663 604 3694; x_wconf 81' lang='lat' dir='ltr'><strong>mes.</strong></span> <span class='ocrx_word' id='word_1_305' title='bbox 930 3644 953 3691; x_wconf 63' lang='lat'><strong>⁸*</strong></span> 
     </span>
    </p>
   </div>
   <div class='ocr_carea' id='block_1_6' title="bbox 0 0 1204 3840">
    <p class='ocr_par' dir='ltr' id='par_1_9' title="bbox 0 0 1204 3840">
     <span class='ocr_line' id='line_1_39' title="bbox 0 0 1204 3840; baseline 0 1"><span class='ocrx_word' id='word_1_306' title='bbox 0 0 1204 3840; x_wconf 95' lang='lat' dir='ltr'><strong> </strong></span> 
     </span>
    </p>
   </div>
  </div>
 </body>
</html>
