2400 3840
192 193 244 247 AD
262 191 434 248 MAROIAM
452 192 501 247 ΒΕ
521 190 799 248 CONSOLATIONE
818 191 894 249 cAP.
911 198 944 249 13
1019 196 1082 262 169

152 337 239 404 ΧΙΠ.
275 337 327 404 Ne
353 337 451 403 nimis
479 337 654 403 admiretur
677 335 810 404 Graecia
834 338 927 405 illum
949 342 1083 424 patrem,
1102 357 1116 405 1

64 428 120 512 qui
155 429 191 493 in
227 429 298 512 ipso
331 427 489 493 sacrificio
521 428 670 491 nuntiata
701 427 750 491 fili
781 431 884 493 morte
916 428 1083 494 tibicinem

62 521 189 582 tantum
220 516 370 600 <iussit>
401 520 507 582 tacere
543 520 576 581 et
612 538 764 581 coronam
801 517 900 601 capiti
936 516 1082 601 detraxit,

63 610 169 672 cetera
204 606 265 671 rite
301 606 451 690 perfecit,
492 604 652 671 Pulvillus
689 605 794 670 effecit
830 606 989 690 pontifex,
1030 608 1083 672 cui

30 699 190 780 spostem
226 695 350 759 tenenti
386 698 419 760 et
456 693 652 779 Capitolium
695 695 855 759 dedicanti
898 717 984 761 mors
1021 696 1082 761 filii

62 785 211 850 nuntiata
233 787 290 849 est.
337 805 433 867 quam
455 784 511 848 ille
535 783 701 849 exaudisse
724 783 942 849 dissimulavit
964 789 998 849 et
1021 786 1083 850 sol·

61 873 183 939 lemnia
210 873 371 957 pontificii
401 873 551 938 carminis
578 873 676 937 verba
699 872 847 957 concepit
870 873 993 958 gemitu
1015 896 1083 939 non

62 963 316 1045 interrumpente
342 963 560 1046 precationem
588 965 621 1026 et
645 962 686 1026 ad
708 961 770 1026 filii
793 963 843 1026 sui
865 982 984 1027 nomen
1005 961 1082 1028 Iove

62 1051 247 1136 propitiato.
302 1055 437 1135 putasne
472 1052 540 1118 eius
573 1051 681 1116 luctus
713 1051 853 1135 aliquem
884 1052 983 1116 finem
1014 1070 1116 1118 esset

16 1141 191 1223 redebere,
214 1141 305 1206 cuius
327 1141 451 1224 primus
475 1140 542 1206 dies
565 1144 598 1205 et
615 1141 739 1224 primus
758 1140 897 1225 impetus
916 1141 956 1206 ab
975 1141 1083 1205 altari-

61 1231 122 1295 bus
135 1230 275 1314 publicis
290 1233 322 1294 et
335 1230 442 1296 fausta
457 1230 696 1314 nuncupatione
709 1251 777 1294 non
790 1229 925 1294 abduxit
937 1228 1084 1314 patrem?

63 1319 179 1406 dignus
198 1319 412 1385 mehercules
431 1318 494 1383 fuit
512 1318 714 1384 memorabili
733 1319 945 1403 dedicatione,
966 1318 1082 1405 dignus

62 1407 477 1563 iiiiiilmbilfffliilll
492 1409 550 1561 q„
567 1409 672 1562 tt?
691 1407 1083 1581 titttstttttttt

186 1549 192 1562 ¹
831 1548 840 1581 7

16 1605 44 1647 ro
62 1588 173 1652 oculos
196 1589 229 1651 et
250 1586 375 1669 aliquas
398 1608 493 1651 voces
515 1586 637 1651 flebiles
661 1587 749 1651 misit
772 1590 804 1651 et
825 1588 978 1671 peractis,
1001 1609 1082 1671 quae

61 1698 131 1741 mos
164 1678 232 1740 erat
263 1677 424 1758 praestare
457 1674 629 1757 defunctis,
665 1675 706 1739 ad
740 1673 957 1758 Capitolinum
989 1677 1082 1740 illum

60 1764 145 1829 redit
174 1765 308 1828 uultum.
355 1762 474 1828 Paulus
503 1763 587 1829 circa
613 1763 687 1828 illos
709 1764 902 1829 nobilissimi
925 1764 1116 1847 triumphi3

62 1853 144 1935 dies,
177 1874 241 1936 quo
273 1851 417 1917 vinctum
449 1855 523 1917 ante
555 1874 683 1917 currum
716 1852 782 1937 egit
813 1851 945 1935 Persen,
978 1853 1082 1918 inoliti

61 1941 146 2026 regis
178 1963 310 2024 nomen,
342 1941 422 2005 duos
454 1940 540 2006 filios
569 1940 604 2005 in
635 1940 841 2023 adoptionem
873 1940 974 2024 dedit,
1005 1942 1083 2007 duos

15 2051 43 2093 ro
62 2053 145 2118 quos
176 2031 239 2096 sibi
270 2034 451 2096 servaverat
482 2030 605 2095 extulit.
664 2030 773 2114 quales
804 2032 946 2094 retentos
978 2032 1084 2113 putas,

56 2117 135 2186 ‘cum
158 2121 242 2186 inter
264 2119 485 2186 commodatos
506 2118 615 2204 Scipio
639 2110 774 2184 inisset?
810 2141 877 2184 non
900 2118 968 2182 sine
990 2122 1082 2184 motu

61 2232 197 2275 vacuum
221 2210 314 2275 Pauli
338 2231 467 2275 currum
489 2210 630 2293 populus
649 2207 814 2273 Romanus
838 2208 970 2292 aspexit.
1008 2229 1083 2273 con·

61 2298 203 2364 tionatus
233 2302 282 2365 est
311 2303 420 2364 tamen
449 2302 482 2364 et
511 2299 578 2384 egit
605 2298 654 2363 dis
682 2298 816 2385 gratias,
838 2297 925 2381 quod
948 2318 1081 2382 compos

61 2389 131 2453 voti
159 2389 264 2454 factus
293 2392 390 2454 esset:
426 2392 592 2473 precatum
621 2388 707 2452 enim
737 2409 784 2471 se,
810 2390 861 2471 ut,
888 2387 916 2451 si
938 2387 1017 2472 quid
1040 2387 1081 2451 ob

16 2475 225 2562 mingentem
262 2478 430 2543 victoriam
467 2477 606 2543 invidiae
643 2477 784 2542 dandum
820 2479 918 2560 esset,
952 2475 986 2541 id
1023 2498 1081 2541 suo

62 2565 171 2650 potius
202 2587 298 2650 quam
327 2567 458 2652 publico
489 2567 605 2632 damno
636 2566 820 2632 solveretur.
865 2565 954 2631 vides
985 2583 1117 2650 quaml

151 2775 169 2829 a
186 2775 334 2831 tibicinem
352 2779 446 2832 tacere
461 2779 490 2831 et
503 2777 545 2832 A¹
558 2778 606 2832 aed
623 2779 735 2831 tantum
753 2794 775 2832 a
789 2795 814 2832 o.
829 2777 893 2832 add.
908 2783 973 2831 aute
986 2778 1081 2831 tacere

61 2846 104 2903 A⁸
115 2864 184 2904 corr.
197 2847 278 2902 Gertz
290 2846 437 2902 tibicinem
451 2850 563 2902 tantum
577 2851 671 2904 tacere
685 2848 768 2902 iussit
782 2861 799 2902 ς
816 2854 850 2904 ut
861 2849 930 2919 oolp.
944 2847 955 2920 Η
967 2847 986 2901 (t
1000 2847 1080 2901 dissi·

61 2917 214 2973 mnlauits
233 2918 411 2973 dissimulare
424 2921 453 2975 A
472 2919 652 2973 dissimulans
668 2920 729 2989 (del.
745 2921 783 2989 et)
800 2919 882 2974 Gertz
894 2919 905 2992 ΙΙ
924 2918 1082 2987 lpontifici

62 2990 206 3044 acarmina
224 2989 311 3045 verba
324 2991 375 3058 A¹,
393 2992 498 3046 litterae
511 2991 610 3046 deinde
624 2998 694 3047 recte
707 2992 804 3046 divisit
816 2990 867 3057 A’,
882 2997 941 3045 tura
955 2989 1081 3043 carmina

60 3062 93 3116 tre
111 3061 230 3116 carmini
247 3063 365 3118 mutavit
377 3061 420 3117 A⁸
433 3079 501 3118 corr.
517 3063 636 3133 Madoip
652 3062 662 3134 ll
679 3062 697 3116 9
716 3063 837 3131 putasne
850 3062 967 3131 Iapetus
983 3063 1081 3129 putas-

61 3148 105 3186 ses
124 3135 260 3203 (altimam
279 3150 292 3187 s
311 3134 374 3188 odd.
389 3151 462 3188 moa.
476 3135 618 3204 recentior)
643 3133 653 3206 ll
678 3134 713 3190 10
737 3133 797 3188 dies
821 3134 864 3200 est
884 3134 912 3187 A
936 3131 950 3256 l
971 3130 1006 3185 15
1030 3129 1081 3184 ali·

61 3220 131 3273 quas
145 3206 174 3260 A
193 3204 335 3275 obligatas
354 3205 575 3261 cotrarietatem
599 3205 602 3278 Ι
629 3207 658 3260 et
675 3205 799 3273 peractis
813 3206 841 3260 A
860 3205 889 3258 et
907 3202 939 3257 de
950 3204 990 3257 eci
1007 3203 1082 3258 iubet

59 3276 229 3343 advitae,
252 3279 284 3332 ia
307 3278 350 3331 set
371 3283 461 3332 mutat
479 3277 561 3332 Gertz
584 3276 596 3349 ll
620 3276 655 3332 18
677 3277 771 3331 incliti
794 3275 869 3345 regis
891 3289 994 3328 nomen
1011 3273 1081 3340 AF,

60 3363 130 3415 quae
154 3349 237 3403 uerba
261 3349 297 3403 ab
321 3349 447 3403 omnibus
470 3349 528 3414 fere
552 3349 702 3404 editoribus
726 3350 811 3403 eiecta
835 3347 934 3414 optim
958 3344 1082 3412 defendit

66 3419 372 3474 Vntleoa‘aa‘adteot.
392 3419 574 3476 Berot1878
593 3435 623 3488 p.
638 3424 700 3487 aeq.
726 3419 736 3491 ll
761 3418 796 3473 le
820 3418 890 3472 duos
914 3416 1000 3471 altero
1023 3417 1081 3471 loeo

60 3489 125 3630 adl}
144 3488 296 3616 Lp'pppuaAll
319 3488 356 3545 24
374 3492 447 3544 esset
466 3507 534 3547 corr.
550 3507 584 3546 ex
602 3492 645 3546 est
659 3490 683 3544 c
695 3490 724 3545 A
745 3489 760 3562 [l
780 3489 816 3545 25
836 3488 994 3542 uictoriam
1009 3489 1035 3539 'u'
1053 3494 1091 3538 nt

60 3575 93 3615 eo
123 3601 129 3614 .
147 3576 194 3615 uic
225 3579 240 3614 r
