2400 3840
91 189 155 257 296
291 185 323 240 L.
337 183 480 239 ANNAEI
498 182 663 239 SENECAE
682 182 776 237 DIAL.
791 181 858 239 LIB.
872 181 906 238 X.

92 353 229 417 quorum
248 330 343 415 digiti
361 330 493 414 aliquod
511 330 596 394 intra
610 351 644 394 se
658 351 787 394 carmen
800 329 968 395 metientes
983 350 1114 413 semper

91 424 221 502 sonant,
245 441 395 504 quorum,
418 440 492 484 cum
511 418 619 484 adres
638 418 750 501 serias,
773 419 870 483 etiam
889 439 983 502 saepe
1000 419 1114 484 tristes

91 509 229 574 adhibiti
252 512 339 593 sunt,
363 509 532 574 exauditur
549 508 649 573 tacita
666 507 867 572 modulatio?
906 529 974 573 non
990 507 1115 573 habent

54 617 71 666 o
91 598 146 663 isti
170 599 287 681 otium,
310 598 365 663 sed
388 598 473 662 iners
496 597 673 683 negotium.
719 597 868 662 convivia
889 619 941 661 me
963 597 1114 662 hercules

90 688 207 752 horum
229 708 296 751 non
318 687 481 771 posuerim
503 687 588 750 inter
610 686 758 751 vacantia
779 689 940 770 tempora,
968 707 1043 750 cum
1065 686 1114 750 vi-
1146 707 1158 747 v

91 776 195 860 deam,
229 797 326 859 quam
356 775 489 841 solliciti
519 777 689 861 argentum
719 775 882 858 ordinent,
912 796 1010 859 quam
1041 774 1115 841 dili·

90 869 203 952 genter
233 866 434 930 exoletorum
464 886 595 930 suorum
624 864 750 929 tunicas
780 864 984 950 succingant,
1014 884 1114 946 quam

90 955 238 1039 suspensi
262 955 342 1037 sint,
364 954 526 1037 quomodo
551 975 628 1037 aper
650 976 669 1017 a
692 974 770 1018 coco
790 956 895 1037 exeat,
919 974 984 1037 qua
1002 952 1115 1018 celeri·

89 1047 156 1108 tate
179 1044 272 1130 signo
297 1044 371 1108 dato
395 1042 500 1128 glabri
518 1042 559 1106 ad
577 1042 756 1106 ministeria
774 1042 968 1125 discurrant,
991 1045 1114 1126 quanta

90 1136 158 1198 arte
177 1133 364 1198 scindantur
382 1152 456 1196 aves
475 1132 510 1195 in
527 1131 630 1197 frusta
647 1152 715 1196 non
733 1131 889 1214 enormia,
913 1152 1011 1214 quam
1029 1132 1114 1197 curi-
1133 1153 1158 1192 ro

90 1244 145 1287 ose
167 1222 313 1287 infelices
335 1221 463 1305 pueruli
486 1220 647 1285 ebriorum
666 1221 762 1304 sputa
780 1220 978 1306 detmgeaut:
1001 1242 1042 1284 ex
1060 1221 1113 1285 his

90 1311 267 1397 elegantiae
294 1310 504 1392 lautitiaeque
533 1308 620 1373 fama
647 1313 795 1393 captatur
824 1312 856 1374 et
883 1331 986 1393 usque
1013 1311 1114 1374 eoin

90 1420 201 1464 omnes
228 1399 315 1463 vitae
343 1418 486 1462 secessus
514 1400 600 1462 mela
622 1418 681 1462 sua
702 1398 777 1463 illos
800 1401 966 1482 secuntur,
991 1401 1029 1462 ut
1052 1420 1114 1465 nec

55 1504 70 1552 e
90 1488 203 1552 bibant
221 1488 290 1552 sine
309 1486 484 1552 ambitione
502 1508 562 1552 nec
581 1486 685 1551 edant.
725 1509 767 1552 ne
785 1487 860 1553 illos
879 1487 1010 1570 quidem
1027 1487 1114 1552 inter

91 1577 212 1641 otiosos
241 1577 491 1660 numeraverim,
520 1576 577 1660 qui
607 1577 686 1641 sella
718 1597 752 1641 se
781 1579 815 1640 et
842 1577 958 1641 lectica
986 1575 1052 1641 huc
1081 1581 1114 1643 et
1133 1597 1158 1637 u

89 1666 168 1730 illuc
190 1664 299 1730 ferunt
321 1668 353 1730 et
376 1666 417 1729 ad
440 1666 656 1751 gestationum
679 1686 824 1748 suarum,
852 1666 945 1749 quasi
967 1665 1112 1730 deserere

90 1755 161 1819 illas
189 1776 257 1820 non
283 1753 394 1838 liceat,
420 1753 516 1820 horas
540 1758 727 1837 occurrunt,
754 1775 836 1838 quos
859 1752 986 1838 quando
1010 1754 1113 1819 lavari

90 1843 239 1928 debeant,
263 1842 391 1928 quando
410 1847 534 1926 natare,
554 1843 682 1927 quando
702 1865 828 1926 cenare,
846 1843 928 1908 alius
947 1842 1112 1909 admonet:

90 1931 150 2018 [et]
174 1955 277 2017 usque
300 1955 338 1999 eo
361 1932 462 1997 nimio
486 1932 614 1997 delicati
636 1932 736 1997 animi
757 1933 913 2018 languore
932 1933 1113 2017 solvuntur,

55 2037 70 2086 ‘1
89 2026 127 2086 ut
148 2045 206 2107 per
229 2043 263 2087 se
286 2023 366 2088 scire
389 2044 457 2086 non
479 2021 619 2106 possint,
642 2044 684 2085 an
702 2021 857 2087 esuriant!
898 2019 993 2087 audio
1014 2042 1113 2104 quen·
1131 2041 1158 2082 ao

90 2111 164 2175 dam
195 2133 235 2176 ex
264 2111 408 2176 delicatis
431 2147 476 2158 -
499 2111 527 2175 si
556 2109 653 2175 modo
684 2109 816 2176 deliciae
844 2110 1008 2176 vocandae
1035 2115 1113 2176 sunt

89 2201 189 2264 vitam
218 2203 250 2264 et
277 2200 542 2265 consuetudinem
569 2199 743 2264 humanam
768 2199 929 2265 dediscere
952 2236 1010 2283 -,
1037 2221 1112 2265 curn

90 2311 130 2353 ex
153 2288 268 2352 balneo
291 2289 376 2354 iuter
397 2310 512 2354 manus
535 2290 639 2353 elatus
662 2292 694 2353 et
715 2288 751 2352 in
774 2289 852 2355 sella
874 2289 999 2373 positus
1019 2293 1113 2373 esset,

90 2377 208 2442 dixisse
221 2376 463 2463 interrogando:
482 2377 562 2441 ‘iam
577 2376 710 2443 sedeo?’
747 2377 834 2444 hunc
847 2381 884 2442 tu
898 2378 1113 2465 ignorantem,

89 2489 131 2532 an
154 2466 275 2550 sedeat,
302 2471 397 2549 putas
420 2466 502 2531 scire
524 2489 566 2531 an
588 2467 689 2550 vivat,
716 2488 759 2531 an
780 2466 901 2550 videat,
923 2489 966 2532 an
988 2466 1113 2533 otiosus
1132 2486 1158 2527 av

90 2555 153 2620 sit?
198 2576 265 2619 non
282 2555 377 2620 facile
395 2554 544 2639 dixerim,
566 2559 675 2620 utrum
694 2555 798 2642 magis
816 2557 979 2640 miserear,
1003 2556 1031 2620 si
1048 2557 1113 2623 hoo

54 2659 70 2707 8
89 2643 266 2731 ignoravit,
289 2665 331 2707 an
353 2643 381 2709 si
404 2644 552 2730 ignorare
575 2666 609 2710 se
632 2644 736 2709 finxit.
782 2646 957 2709 multarum
981 2645 1113 2729 quidem

179 2836 196 2891 1
213 2836 319 2890 intrase
333 2837 361 2891 A
379 2836 410 2890 in
424 2853 521 2891 mensa
534 2837 595 2892 Job.
607 2837 713 2892 Mulier
726 2836 874 2891 metientes
888 2839 920 2892 iu
933 2837 1113 2892 metientium

89 2911 193 2963 maturi
210 2909 329 2963 malebat
344 2908 428 2963 Gertz
440 2907 451 2980 11
468 2908 486 2962 2
505 2908 591 2962 etiam
610 2924 676 2977 sepe
690 2910 718 2963 A
738 2924 822 2977 saepe
841 2909 960 2963 etiams
977 2911 1041 2974 sert.
1055 2927 1114 2967 ree·

89 2982 146 3036 tias
163 2978 173 3053 11
190 2979 208 3034 8
227 2992 316 3048 quas
333 2984 390 3048 qua
404 2980 432 3034 A
451 2981 558 3048 quanta
576 2980 646 3049 oolp.
664 2979 674 3052 11
692 2979 727 3034 10
745 2978 880 3034 infrustra
894 2980 923 3035 A
940 2979 951 3052 11
968 2980 1002 3034 11
1020 2997 1055 3034 ex
1069 2982 1114 3036 bia

90 3051 230 3124 elegantia
243 3051 285 3106 A⁶
304 3053 368 3120 (pro
386 3052 486 3107 altimo
500 3067 515 3106 e
529 3050 572 3105 A1
585 3068 598 3105 s
611 3051 738 3106 bobuiaae
755 3051 821 3120 oid.)
843 3050 854 3123 11
875 3049 912 3106 14
928 3067 964 3106 ne
983 3051 1071 3106 edant
1084 3052 1113 3108 A

89 3140 159 3178 corr.
178 3124 247 3193 oolq.
271 3121 281 3195 11
305 3122 341 3176 15
360 3122 464 3176 otiosos
482 3123 551 3192 oolq.
572 3121 632 3193 1111
642 3121 754 3192 sltiosos
768 3124 797 3179 A
815 3124 894 3191 (evea
910 3124 937 3192 o)
982 3139 1113 3178 numera-

89 3194 176 3249 verim
199 3195 279 3248 Kocb
303 3193 495 3249 numeraberis
516 3195 545 3248 A
572 3193 575 3265 1
603 3192 674 3248 sella
698 3209 727 3248 se
750 3195 779 3248 et
801 3193 904 3248 lectica
924 3194 953 3250 A
989 3211 1057 3251 corr.
1078 3211 1114 3250 cx

91 3265 160 3319 sella
180 3266 220 3319 elt
234 3265 360 3320 &lectica
379 3265 413 3336 (tc
430 3282 487 3320 ooo
504 3265 573 3320 satia
591 3271 693 3320 certum
711 3267 774 3335 eat);
794 3271 859 3334 post
880 3264 982 3319 lectica
1005 3267 1114 3336 aliquid

91 3354 199 3391 mecum
217 3343 269 3403 eet,
288 3338 361 3406 quod
379 3336 446 3406 qaid
463 3338 549 3403 fuerit
566 3337 667 3405 dispici
684 3353 741 3391 acu
754 3343 856 3404 potest,
872 3337 920 3392 aad
934 3338 1016 3392 initio
1028 3338 1114 3393 buius

90 3425 205 3462 resurae
219 3407 261 3462 Αὁ
275 3425 287 3460 s
302 3410 426 3475 scripsit,
439 3414 471 3462 ut
483 3409 560 3476 ficret
574 3408 699 3462 lecticas.
713 3407 723 3480 11
739 3408 772 3462 17
787 3407 881 3462 labari
894 3407 936 3463 A¹
948 3407 1038 3462 lavari
1052 3408 1095 3463 A¹
1103 3408 1113 3482 11

90 3477 127 3533 18
140 3496 194 3547 pro
213 3479 313 3533 natare
332 3479 448 3535 Wolters
465 3480 545 3534 molit
563 3478 708 3534 ambulare
733 3479 736 3551 1
762 3479 906 3534 admonet:
925 3495 1015 3548 usque
1030 3478 1113 3536 Gertz

81 3548 227 3604 admonet.
258 3551 289 3606 et
307 3565 398 3620 usque
413 3552 442 3607 A
459 3549 469 3625 11
486 3549 524 3607 Ab
542 3550 633 3625 sciret(
650 3552 741 3620 <croac
757 3551 823 3616 furt.
835 3553 860 3619 st
875 3551 903 3604 A
