2400 3840
117 192 180 259 138
318 188 349 242 L.
363 187 505 242 ANNAEI
523 187 687 243 SENECAE
705 187 801 244 DIAL.
815 187 883 243 LIB.
900 187 931 243 V.

115 334 281 400 iracundia
309 355 452 416 mancos,
480 334 599 399 multos
622 334 741 400 debiles
764 334 854 417 fecit,
881 335 978 399 etiam
1000 334 1058 399 ubi
1081 357 1135 418 pa-

115 424 248 488 tientem
277 428 322 488 est
349 426 467 488 nancta
495 423 669 487 materiam.
722 423 811 488 adice
832 445 920 488 nunc
942 423 1030 508 quod
1052 423 1136 488 nihil

115 516 183 577 tam
214 513 362 577 inbecilla
393 514 506 576 natum
538 515 600 595 est,
636 515 673 576 ut
704 513 772 578 sine
806 512 953 578 elidentis
990 513 1135 597 periculo

115 605 238 686 pereat:
268 601 436 666 inbecillos
458 601 685 666 valentissimis
709 602 788 667 alias
811 601 916 686 dolor,
939 601 1019 666 alias
1043 624 1135 668 casus

80 693 279 774 nexaequat.
326 690 416 774 quid,
447 689 534 774 quod
563 690 715 774 pleraque
745 712 868 773 eorum,
897 693 1031 775 propter
1055 712 1136 775 quae
1164 711 1175 750 e

116 778 296 864 irascimur,
315 778 482 843 offendunt
499 801 558 844 nos
577 779 680 865 magis
697 801 794 863 quam
811 779 965 845 laedunt?
997 780 1136 844 multum

116 872 223 932 autem
246 869 390 951 interest,
413 871 522 932 utrum
545 868 661 952 aliquis
684 869 845 933 voluntati
861 889 951 933 meae
969 872 1078 952 opstat
1096 891 1137 934 an

117 958 211 1040 desit,
243 958 359 1040 eripiat
391 979 433 1021 an
463 978 530 1021 non
560 957 620 1022 det.
667 957 757 1041 atqui
783 958 819 1021 in
845 979 947 1042 aequo
975 959 1136 1042 ponimus,

116 1051 225 1110 utrum
255 1047 371 1130 aliquis
402 1045 525 1110 auferat
548 1069 590 1111 an
611 1050 720 1132 neget,
746 1049 856 1110 utrum
879 1069 969 1130 spem
990 1050 1136 1112 nostram

116 1135 279 1219 praecidat
308 1158 349 1200 an
377 1135 515 1218 differat,
542 1138 651 1199 utrum
674 1139 786 1200 contra
807 1157 867 1200 nos
890 1135 989 1200 faciat
1011 1158 1054 1199 an
1076 1158 1136 1221 pro
1154 1156 1176 1197 u

81 1242 163 1308 ose,
193 1246 301 1288 amore
331 1224 462 1289 alterius
492 1246 534 1288 an
561 1224 635 1288 odio
659 1225 769 1290 nostri.
817 1223 948 1307 quidam
970 1247 1047 1289 vero
1069 1247 1137 1290 non

116 1317 242 1378 tantum
265 1313 365 1378 iustas
389 1334 500 1378 causas
524 1313 630 1378 standi
653 1317 765 1378 contra
786 1334 860 1396 nos,
884 1314 939 1379 sed
962 1314 1060 1378 etiam
1080 1315 1137 1379 ho·

116 1405 221 1467 nestas
244 1402 378 1467 habent:
401 1402 483 1466 alius
505 1405 630 1484 patrem
648 1406 768 1487 tuetur,
789 1403 871 1468 alius
890 1402 1035 1484 fratrem,
1054 1404 1137 1469 alius

116 1492 267 1574 patriam,
295 1489 376 1555 alius
407 1491 558 1574 amicum;
589 1491 640 1556 his
663 1495 771 1557 tamen
793 1513 860 1555 non
882 1492 1081 1577 ignoscimus
1105 1493 1139 1557 id

116 1580 320 1663 facientibus,
356 1580 441 1662 quod
470 1580 534 1644 nisi
563 1580 705 1645 facerent
738 1581 993 1665 inprobaremus,
1028 1581 1137 1665 immo,
1155 1599 1177 1640 rs

117 1670 204 1753 quod
227 1672 276 1734 est
298 1668 497 1753 incredibile,
522 1691 614 1753 saepe
638 1669 676 1734 de
699 1670 785 1734 facto
808 1670 889 1734 bene
907 1669 1137 1752 existimamus,

82 1758 155 1822 ede
177 1759 314 1823 faciente
337 1758 428 1822 male.
465 1761 499 1822 at
521 1781 572 1823 me
590 1757 734 1824 hercules
753 1758 804 1822 vir
821 1780 957 1844 magnus
976 1780 1014 1823 ac
1033 1759 1137 1825 iustus

116 1847 329 1913 fortissimum
352 1868 509 1931 quemque
533 1870 573 1911 ex
594 1847 741 1913 hostibus
765 1848 831 1913 suis
854 1850 886 1911 et
908 1869 968 1930 pro
988 1847 1138 1913 libertate

116 1958 154 2002 ac
186 1938 288 2002 salute
320 1936 443 2020 patriae
483 1937 774 2021 pertinacissimum
809 1937 944 2019 suspicit
975 1939 1007 2000 et
1039 1937 1138 2002 talem

117 2027 179 2092 sibi
202 2027 317 2108 ciuem,
340 2026 438 2090 talem
461 2027 597 2090 militem
620 2026 805 2111 contingere
830 2028 928 2109 optat.
1155 2045 1179 2086 so

83 2129 96 2176 1
206 2113 323 2178 XXIX.
347 2114 454 2198 Turpe
473 2118 521 2180 est
540 2115 644 2181 odisse
664 2136 759 2198 quem
776 2115 901 2198 laudes3
919 2117 1041 2198 quanto
1059 2137 1137 2179 vero

117 2204 242 2286 turpius
263 2203 303 2267 ob
323 2204 356 2267 id
376 2204 516 2287 aliquem
535 2204 652 2286 odisse,
670 2206 803 2287 propter
817 2203 904 2287 quod
917 2203 1138 2269 misericordia

118 2291 233 2376 dignus
257 2295 318 2356 est:
347 2293 374 2357 si
397 2293 542 2375 captivus
566 2293 601 2356 in
624 2293 810 2356 servitutem
833 2292 939 2357 subito
968 2291 1137 2376 depressus

117 2379 268 2462 reliquias
297 2380 454 2445 libertatis
484 2382 572 2443 tenet
600 2401 660 2445 nec
689 2381 730 2444 ad
760 2380 888 2447 sordida
914 2401 952 2446 ac
974 2380 1138 2447 laboriosa

117 2469 294 2533 ministeria
317 2469 411 2553 affl'lis
435 2469 586 2551 occurrit,
611 2470 638 2534 si
659 2471 783 2534 exotio
802 2471 895 2556 piger
912 2491 1033 2553 equum
1050 2471 1138 2535 vehi·
1156 2490 1180 2530 ss

118 2558 290 2641 culumque
320 2557 442 2621 domini
472 2578 567 2622 cursu
595 2580 663 2622 non
692 2562 861 2643 exaequat,
887 2559 915 2623 si
937 2559 1022 2623 inter
1045 2560 1138 2624 cotti-

118 2647 213 2710 diana
234 2646 405 2731 pervigilia
427 2645 547 2711 fessum
569 2668 700 2712 somnus
724 2648 898 2731 oppressit,
925 2648 953 2714 si
980 2648 1138 2713 rusticum

116 2735 260 2799 laborem
290 2738 416 2800 recusat
443 2738 499 2799 aut
524 2757 591 2801 non
615 2737 742 2801 fortiter
765 2737 846 2801 obiit
868 2759 887 2800 a
910 2736 1064 2801 servitute
1087 2760 1139 2801 ur·

83 2839 98 2887 2
117 2824 201 2888 bana
219 2827 251 2888 et
268 2823 382 2888 feriata
397 2825 571 2890 translatus
585 2826 626 2890 ad
640 2826 754 2890 durum
770 2825 864 2910 opus!
891 2825 1139 2910 distinguamus,

118 2916 226 2977 utrum
250 2913 366 2996 aliquis
389 2935 456 2977 non
477 2915 581 2996 possit
604 2937 645 2978 an
665 2915 761 2979 nolit:
784 2914 904 2980 multos
924 2913 1138 2999 absolvemus,
1156 2935 1182 2975 so

118 3003 145 3067 si
169 3003 367 3086 coeperimus
390 3006 464 3067 ante
486 3003 627 3068 iudicare
650 3025 746 3087 quam
769 3003 872 3068 irasci.
917 3024 1005 3068 nunc
1030 3007 1139 3069 autem

117 3093 257 3175 primum
279 3092 436 3175 impetum
460 3092 635 3176 sequimur,
659 3092 784 3176 deinde,
808 3093 955 3175 quamvis
973 3114 1058 3157 vana
1077 3115 1138 3159 nos

207 3268 391 3338 lpatientem
405 3270 448 3322 est
459 3270 564 3324 nancta
572 3270 640 3323 mat.
651 3269 812 3340 Pctscbeaip
819 3267 977 3336 patientem
991 3263 1139 3336 naifita-

118 3341 268 3395 materiam
281 3343 310 3396 A
327 3357 356 3408 p.
370 3357 396 3394 n.
412 3357 448 3394 m.
463 3342 595 3408 <erat>
616 3339 698 3395 Gertz
721 3339 732 3411 Η
756 3339 793 3394 14
814 3339 939 3408 patriam
952 3341 981 3394 A
1002 3342 1139 3409 patruum

118 3412 185 3482 cole.
210 3411 220 3484 Ι]
243 3411 279 3466 22
301 3410 523 3466 misericordiam
541 3411 584 3466 A¹
606 3413 674 3481 (com
694 3411 801 3466 audisse
820 3412 897 3479 sea),
920 3410 1019 3465 deiude
1037 3412 1140 3467 ultima

103 3483 254 3602 ,ssim
271 3489 310 3538 eet
330 3482 341 3555 t
363 3481 399 3537 26
417 3482 574 3537 cottidiana
587 3484 616 3537 A
633 3481 643 3554 ll
664 3481 699 3536 28
717 3480 788 3536 obiit
801 3483 830 3537 A
849 3480 909 3536 obit
928 3481 1057 3539 nram?
1071 3483 1139 3550 fort.

160 3569 210 3605 aus
