2400 3840
360 179 409 235 DE
428 181 492 235 IRA
510 181 577 236 LIB.
591 181 639 238 111.
672 180 788 237 cana
805 187 839 237 10
1051 187 1114 251 119

96 331 130 391 et
153 350 171 391 a
194 327 321 392 sitiente
345 331 376 391 et
399 328 438 392 ab
463 327 552 391 omni
569 325 700 392 homine
719 349 814 411 quem
837 327 946 411 eliqua
968 351 1017 394 res
1041 328 1114 393 urit.

96 438 172 480 nam
203 420 241 481 ut
272 417 380 482 ulcera
412 417 451 480 ed
482 417 586 480 levem
622 420 759 500 tactum,
795 417 908 482 deinde
942 418 1038 482 etiam
1075 419 1115 482 ad

97 505 314 589 suspicionem
341 507 445 571 tactus
473 505 716 589 condolescunt,
743 506 789 569 ita
816 507 942 571 animus
971 507 1114 572 adfectus

96 594 239 659 minimis
263 594 444 678 offenditur,
467 595 545 658 adeo
568 598 606 659 ut
633 595 789 678 quosdam
817 596 967 661 salutatio
996 600 1028 660 et
1050 597 1115 680 epi-

65 683 183 748 sstula
205 687 237 747 et
260 682 362 747 oratio
386 686 419 746 et
444 684 654 769 interrogatio
676 684 824 748 inlitam
852 687 997 749 evocent:
1023 706 1115 749 num-

98 794 195 855 quam
218 771 286 837 sine
310 773 452 855 querella
474 794 569 857 aegra
591 775 777 858 tanguntur.

187 859 226 925 X.
263 858 429 944 Optimum
453 865 502 925 est
520 862 628 944 itaque
652 862 692 925 ad
714 863 856 944 primum
886 863 964 925 mali
986 884 1115 928 sensum
1134 879 1149 928 1

98 949 218 1013 mederi
236 949 310 1032 sibi,
329 953 399 1013 tum
413 950 518 1016 verbis
538 971 665 1034 quoque
684 952 751 1016 suis
769 950 940 1015 minimum
957 951 1115 1016 libertatis

99 1038 173 1102 dare
196 1042 228 1102 et
254 1037 398 1103 inhibere
425 1039 591 1122 impetum.
637 1039 731 1104 facile
759 1044 808 1104 est
835 1043 941 1104 autem
972 1039 1149 1104 adfectusa

52 1148 183 1211 rosuos,
206 1128 444 1211 cumprimum
468 1129 628 1212 oriuntur,
652 1127 899 1212 deprehendere:
928 1129 1115 1193 morborum

98 1217 190 1303 signa
201 1221 419 1301 praecurrunt.
443 1218 713 1301 quemadmodum
726 1218 927 1301 tempestatis
939 1239 976 1283 ac
988 1217 1115 1301 pluviae

97 1310 171 1371 ante
194 1307 280 1391 ipsas
303 1311 399 1372 notae
421 1306 568 1391 veniunt,
591 1308 637 1371 ita
659 1306 739 1390 irae,
766 1307 884 1372 amoris
908 1307 1115 1389 omniumque

97 1397 231 1460 istarum
254 1397 468 1480 procellarum
496 1396 620 1462 animos
647 1396 833 1460 vexantium
856 1399 932 1462 sunt
960 1396 1115 1479 quaedam

96 1486 295 1568 praenuntia.
349 1485 405 1568 qui
436 1486 592 1550 comitiali
629 1486 708 1548 vitio
746 1487 851 1551 solent
882 1484 1014 1568 corripi,
1051 1486 1150 1550 iamt

52 1591 78 1632 rs
97 1574 268 1638 adventare
303 1574 519 1639 valetudinem
556 1574 759 1659 intellegunt,
798 1575 827 1639 si
863 1575 951 1639 calor
991 1596 1117 1639 summa

98 1663 238 1727 deseruit
269 1664 301 1724 et
333 1662 490 1726 incertum
525 1663 636 1727 lumen
673 1684 909 1747 nervorumque
944 1663 1115 1746 trepidatio

99 1753 160 1832 est,
190 1750 219 1813 si
247 1751 402 1813 memoria
429 1751 609 1815 sublabitur
636 1754 795 1834 caputque
824 1755 982 1835 versatum
1012 1753 1116 1818 solitis

99 1839 207 1921 itaque
230 1838 378 1903 remediis
396 1839 603 1922 incipientem
622 1861 750 1904 causam
770 1843 942 1923 occupant,
966 1844 998 1904 et
1019 1842 1116 1906 odore

99 1930 260 2011 pastuque
283 1926 440 2010 quidquid
463 1929 621 2010 estquod
644 1928 763 1991 alienat
786 1930 911 1993 animos
942 1929 1116 2012 repellitur,

52 2035 80 2074 ao
98 2019 154 2079 aut
176 2015 328 2081 fomentis
351 2020 464 2081 contra
485 2016 588 2102 frigus
611 2017 814 2101 rigoremque
832 2020 1008 2102 pugnatur,
1031 2016 1115 2102 [aut]

98 2106 127 2171 si
149 2126 263 2189 parum
286 2105 446 2170 medicina
467 2106 620 2190 profecit,
642 2105 824 2170 vitavemmt
846 2106 974 2169 turbam
994 2110 1026 2170 et
1048 2107 1116 2171 sine

97 2197 178 2259 testa
201 2194 392 2260 ceciderunt.
433 2195 565 2278 prodest
586 2194 736 2259 morbum
755 2217 849 2260 suum
867 2216 962 2260 nosse
980 2199 1013 2259 et
1032 2196 1115 2262 vires
1135 2213 1153 2260 4

97 2285 165 2349 eius
195 2287 366 2367 antequam
397 2285 576 2368 spatientur
607 2284 795 2369 opprimere.
840 2284 1006 2349 rideamus
1038 2286 1116 2368 quid

98 2372 154 2456 sit,
177 2374 264 2457 quod
281 2395 341 2439 nos
361 2374 499 2439 maxime
518 2375 671 2439 concitet:
695 2374 794 2437 elium
812 2373 997 2457 verborum,
1016 2375 1116 2439 alium

53 2478 80 2520 ss
97 2483 204 2525 rerum
236 2462 450 2527 contumeliae
482 2466 626 2547 movent,
657 2461 712 2528 hic
743 2463 815 2527 vult
850 2462 1027 2546 nobilitati,
1062 2463 1116 2527 hic

98 2550 219 2615 formae
243 2573 318 2615 suae
341 2552 443 2634 parci3
465 2552 519 2618 hic
537 2552 794 2637 elegantissimus
813 2551 925 2616 haberi
944 2553 1043 2635 cupit,
1061 2552 1116 2616 ille

98 2639 316 2722 doctissimus,
339 2640 393 2705 hic
416 2641 583 2723 superbiae
606 2641 766 2724 inpatiens
790 2644 851 2724 est,
874 2641 928 2707 hio
951 2645 1116 2706 contuma-

98 2727 178 2810 ciae3
201 2727 256 2792 ille
280 2749 387 2794 servos
410 2751 477 2793 non
494 2733 588 2812 putat
606 2729 721 2815 dignos
741 2730 857 2812 quibus
875 2730 1045 2813 irascatur,
1062 2729 1116 2794 hic

98 2818 183 2880 intre
205 2816 337 2881 domum
361 2839 473 2883 saevus
496 2821 558 2902 est,
580 2817 660 2885 foris
689 2819 791 2902 mitis,
818 2819 873 2882 ille
901 2819 1009 2904 rogari
1036 2819 1116 2882 invi·

52 2923 80 2964 ao
98 2904 184 2969 diam
207 2905 340 2989 iudicat,
358 2905 413 2971 hic
430 2927 497 2970 non
514 2908 623 2993 rogari
641 2907 878 2972 contumeliam.
919 2929 986 2972 non
1005 2928 1115 2972 omnes

98 2994 137 3059 ab
161 2995 271 3060 eadem
300 2997 392 3078 parte
419 2995 591 3080 ferientum
621 2997 701 3062 scire
731 2997 839 3080 itaque
870 2999 1010 3081 oportet,
1038 2995 1115 3078 quid

97 3084 186 3149 inte
209 3084 395 3150 inbecillum
418 3085 474 3169 sit,
497 3090 534 3149 ut
556 3086 589 3149 id
612 3086 750 3150 maxime
772 3089 931 3172 proteges.

186 3259 205 3313 5
222 3263 270 3314 oro
289 3261 327 3330 (=
340 3260 442 3332 oratio)
456 3262 484 3317 L
501 3266 534 3316 ut
549 3262 618 3330 eotp.
632 3261 706 3314 ratio
720 3261 749 3315 A
762 3259 773 3332 ll
789 3259 825 3315 18
844 3274 958 3313 causam
972 3259 1000 3312 A
1019 3272 1115 3311 casum

98 3330 157 3386 edd.
172 3337 236 3386 onte
250 3331 434 3399 Groraooiam,
448 3348 525 3401 quem
537 3349 562 3388 a.
578 3333 677 3387 observ.
693 3332 754 3386 latr.
769 3333 826 3385 ΙΙΙ
836 3330 895 3402 1411
912 3329 947 3383 19
961 3328 1114 3397 repellitur,

98 3404 168 3457 aut.
185 3444 191 3458 .
207 3443 213 3458 .
228 3405 385 3472 pugnatum
411 3403 435 3456 si
459 3403 541 3458 Gertz
562 3402 721 3472 repellitur:
748 3404 799 3455 aut
815 3443 821 3456 .
837 3443 843 3456 .
860 3442 866 3455 .
884 3402 1040 3470 pugnatur,
1065 3403 1116 3454 aut

97 3474 123 3527 si
136 3473 163 3528 A
182 3480 208 3528 et
224 3475 293 3544 voto.
312 3473 322 3546 ll
338 3473 376 3528 24
392 3473 542 3528 uerborum
561 3475 588 3543 (o
607 3490 640 3529 ex
657 3477 677 3527 fi
694 3475 776 3544 corat
792 3475 821 3527 A
835 3472 901 3544 tt‘l‘t
912 3471 989 3524 toris
1005 3472 1135 3531 Quasi

96 3561 151 3599 roe.
167 3545 247 3600 daur.
263 3547 313 3600 1111.
327 3546 391 3613 fort.
402 3561 458 3615 pro
476 3545 501 3600 is
