2400 3840
374 157 425 211 DE
442 156 695 212 PROVIDENTIA
713 156 790 212 cAP.
805 165 822 212 4
1066 161 1106 225 11

88 305 187 369 fortes
211 302 330 368 milites
353 302 453 387 bell03
472 302 687 386 Triumphum
710 324 770 388 ego
789 302 1028 368 murmillonem
1047 303 1107 368 sub

88 393 158 458 Tib.
177 390 311 459 Caesare
343 392 382 456 de
413 392 545 457 raritate
575 414 745 456 munerum
776 392 885 457 audivi
908 395 1108 475 querentem:

88 483 196 566 ‘quam
226 480 323 546 bella'
349 481 457 565 inquit
484 480 583 546 ‘aetas
613 480 710 565 perit!
773 481 866 546 arida
896 486 945 547 est
973 481 1109 565 periculi

86 572 189 636 virtus
223 574 256 635 et
288 592 352 654 quo
384 570 511 653 tendat,
541 591 608 634 non
638 569 715 653 quid
745 591 879 654 passura
908 569 950 635 sit
977 570 1109 656 cogitat,

55 683 69 723 s
88 660 242 744 quoniam
266 660 363 724 etiam
387 659 474 742 quod
492 679 627 743 passura
645 662 694 724 est
708 659 829 744 gloriae
847 681 922 743 pars
936 663 994 724 est.
1025 660 1109 724 mili-

87 753 172 814 tares
195 748 257 813 viri
279 749 460 833 gloriantur
477 748 679 832 vulneribus,
705 749 783 813 laeti
806 749 960 814 fluentem
982 749 1109 814 meliori

88 859 166 903 casu
195 838 385 923 sanguinem
413 841 591 921 ostentant3
617 836 704 902 idem
726 837 803 902 licet
825 837 960 903 fecerint
983 837 1040 922 qui
1062 838 1109 902 in-

88 926 172 1013 tegri
194 930 399 992 revertuntur
422 949 462 992 cx
484 926 566 1009 acie,
588 927 691 1012 magis
715 929 881 1011 spectatur
902 925 959 1011 qui
981 926 1108 993 saucius

87 1016 178 1081 redit.
224 1015 318 1100 ipsis,
346 1017 495 1099 inquam,
524 1016 601 1081 deus
628 1016 782 1099 consulit,
809 1036 890 1100 quos
918 1035 987 1080 esse
1012 1033 1144 1099 quams

41 1129 70 1170 ro
87 1105 332 1171 honestissimos
363 1105 467 1189 cupit,
502 1105 652 1188 quotiens
684 1105 749 1169 illis
779 1104 947 1171 materiam
976 1105 1109 1188 praebet

88 1195 210 1279 aliquid
229 1194 373 1261 animose
390 1194 581 1278 fortiterque
598 1194 751 1277 faciendi,
773 1195 814 1258 ad
833 1215 930 1277 quam
944 1216 1013 1259 rem
1027 1215 1109 1278 opus

88 1288 137 1350 est
159 1285 268 1368 aliqua
293 1306 402 1349 rerum
425 1283 631 1349 difficultate:
658 1284 906 1369 gubernatorem
932 1282 967 1348 in
988 1286 1109 1367 tempe

88 1377 185 1456 state,
208 1373 243 1438 in
265 1373 333 1438 acie
360 1372 497 1439 militem
525 1372 704 1458 intellegas.
749 1373 835 1439 unde
867 1393 1000 1457 possum
1028 1372 1109 1437 scire

89 1466 246 1547 quantum
261 1463 413 1529 adversus
426 1465 650 1546 paupertatem
668 1461 730 1526 tibi
748 1461 849 1527 animi
867 1462 923 1545 sit,
942 1461 970 1528 si
988 1460 1108 1526 divitiis

43 1571 69 1612 rs
88 1551 232 1616 diffluis?
276 1551 361 1616 unde
387 1573 521 1635 possum
549 1552 630 1616 scire
658 1554 814 1635 quantum
844 1551 996 1617 adversus
1018 1551 1110 1636 igno-

88 1640 223 1704 miniam
253 1642 285 1704 et
317 1639 483 1704 infamiam
518 1640 692 1724 odiumque
721 1641 877 1724 populare
910 1639 1110 1705 constantiae

89 1728 224 1810 babeas,
251 1727 279 1790 si
300 1727 386 1792 inter
407 1729 540 1811 plausus
563 1729 717 1812 senescis,
744 1728 772 1794 si
793 1733 826 1794 tc
849 1728 1109 1814 inexpugnabilis

91 1819 124 1881 ct
142 1815 350 1880 inclinatione
366 1816 504 1898 quadarn
518 1817 676 1881 mentium
693 1839 815 1900 pronus
833 1818 927 1883 favor
944 1816 1111 1901 sequitur?

89 1904 175 1968 unde
208 1903 274 1968 scio
305 1926 403 1988 quam
432 1925 535 1987 aequo
566 1905 675 1970 animo
703 1907 827 1970 laturus
856 1906 899 1970 sis
929 1906 1111 1989 orbitatem,

44 2015 72 2055 aa
90 1993 118 2059 si
149 1993 553 2148 qupscumqutplpustulisti
576 1993 687 2095 uides?
732 1994 842 2148 auppvi·
862 1998 909 2078 te,
933 2015 1006 2058 cum
1024 1995 1109 2150 ᾖξε

90 2104 188 2148 conso
203 2103 315 2148 arens:
406 2103 524 2150 ccons
549 2103 685 2148 emesam
727 2105 755 2147 sr
833 2104 903 2148 ise
926 2104 1023 2148 conso

90 2193 190 2256 esses,
213 2172 240 2237 si
263 2175 296 2239 te
318 2172 388 2256 ipse
411 2105 707 2238 dolerepvetuissei.
753 2104 868 2256 noliteli
891 2172 1023 2239 obsecro
1042 2195 1111 2257 vos,
1129 2189 1145 2236 6

89 2281 299 2346 expavescere
328 2261 405 2345 ista,
435 2283 517 2346 quae
547 2262 593 2327 dii
621 2261 821 2328 immortales
843 2263 934 2329 velut
961 2262 1109 2328 stimulos

90 2351 263 2416 admovent
288 2351 417 2415 animis:
441 2351 606 2417 calamitas
630 2350 760 2417 virtutis
784 2351 909 2417 occasio
933 2355 990 2417 est.
1036 2352 1110 2416 illos

44 2459 71 2500 ss
89 2440 204 2505 merito
229 2439 301 2523 quis
325 2440 442 2505 dixerit
468 2439 602 2505 miseros
627 2440 683 2524 qui
705 2441 806 2506 nimia
828 2441 982 2506 felicitate
1004 2444 1111 2524 torpe·

90 2532 198 2612 scunt,
221 2549 302 2612 quos
325 2528 472 2595 velutin
494 2529 576 2594 mari
597 2530 686 2594 lento
709 2529 927 2616 tranquillitas
950 2530 1034 2594 iners
1059 2530 1111 2594 de·
1135 2594 1139 2602 ,

90 2617 186 2702 tinet;
217 2618 370 2702 quicquid
400 2619 464 2683 illis
494 2618 657 2701 inciderit,
687 2639 809 2684 novum
836 2619 952 2683 veniet.
1007 2619 1145 2703 magist

180 2838 196 2892 1
220 2835 309 2905 bello;
335 2836 522 2907 Triumphum
550 2839 632 2894 Gertz
662 2837 858 2909 (Triumphum
883 2840 941 2893 iam
966 2839 1111 2894 Rubenius

90 2911 241 2979 invenerat)
264 2908 334 2964 belli
355 2908 500 2979 triumpho
522 2927 598 2966 caric
611 2910 648 2978 A,
666 2911 714 2966 sed
732 2909 750 2963 b
769 2928 804 2965 m.
820 2915 836 2963 1
855 2927 923 2964 corr.
939 2927 973 2964 aa
989 2927 1019 2977 u,
1037 2911 1048 2964 i
1065 2927 1111 2964 ra-

90 2981 180 3036 dendo
203 2982 310 3047 factam
332 2987 371 3036 est
388 2998 422 3036 ec
440 2998 466 3048 o,
486 2981 613 3037 albinam
632 2998 648 3035 o
666 2983 698 3035 ia
715 2998 770 3036 ras.
789 2983 900 3050 scripsit
916 2981 959 3036 11⁶
981 2997 1059 3036 eraso
1076 2982 1110 3048 ui

91 3055 188 3122 (supro
202 3069 214 3105 s
229 3052 342 3107 deiciam
357 3053 396 3122 m)
415 3059 466 3109 aut
483 3057 502 3106 ι’]
518 3052 522 3125 l
538 3069 591 3123 ego
606 3055 636 3124 (g
649 3069 718 3108 corr.
733 3069 766 3107 ec
780 3055 803 3122 r)
818 3052 860 3107 Α1
877 3052 887 3125 ΙΙ
904 3051 922 3106 2
937 3052 998 3106 Tib.
1013 3052 1112 3119 sampsi

92 3168 120 3222 .t.
140 3169 172 3222 ia
189 3184 244 3224 ros.
259 3169 362 3223 maiore
375 3167 418 3223 Α5
434 3168 457 3236 tj
478 3169 506 3237 (i.
517 3185 539 3224 e.
553 3167 617 3238 tibi)
635 3170 700 3235 fort.
715 3167 757 3223 Α1
773 3167 784 3240 ΙΙ
808 3167 826 3223 4
844 3168 945 3223 tendat
961 3169 1030 3236 culp.
1049 3167 1111 3218 ten-

92 3239 135 3292 dit
149 3239 176 3293 A
194 3238 205 3311 it
222 3238 241 3292 c
258 3238 392 3294 fluentem
411 3255 426 3294 c
444 3239 533 3294 lorica
551 3239 717 3309 sanguinem
736 3239 909 3295 Studcmcud
927 3239 996 3293 corii.
1023 3236 1111 3291 fluen-

90 3312 149 3364 tem
164 3325 179 3364 c
192 3309 280 3365 lorica
295 3326 346 3364 sua
360 3311 527 3381 sanguinem
541 3311 637 3378 Gertz,
653 3312 802 3380 speciosius
814 3328 897 3380 qaam
910 3310 1016 3374 ceriam
1029 3309 1112 3364 verta

91 3380 202 3436 meliori
227 3397 295 3436 casu
320 3399 383 3438 cam
407 3382 477 3437 laeti
502 3383 695 3452 coniuupeadc
719 3399 774 3439 esse
794 3382 937 3451 perspecti
962 3381 987 3434 Ι.
1009 3381 1111 3436 Vahlen

92 3454 209 3508 Hermes
230 3453 325 3508 XXX
341 3471 408 3524 pap.
422 3458 458 3508 33
467 3471 505 3522 sq.
531 3453 541 3525 ii
565 3453 600 3508 al
627 3453 773 3508 isolareris
798 3469 867 3508 corr.
887 3468 921 3506 ecc
942 3450 1023 3505 -laris
1042 3452 1115 3553 A‘tp

91 3523 128 3577 at
142 3522 246 3578 dixerit
258 3540 326 3580 coir.
342 3541 376 3580 es
389 3524 509 3578 dixerim
522 3526 599 3579 ΑΗ
612 3523 622 3595 lt
634 3524 669 3579 27
684 3523 836 3596 incideritis
847 3522 889 3579 Al
902 3523 1060 3595 inciderint
1076 3525 1106 3575 A

1165 3664 1187 3717 l
