2400 3840
94 221 161 288 294
297 215 668 272 111111111111111111
687 217 782 271 DIAL.
796 216 863 272 LIB.
877 215 911 274 X.

95 386 233 449 quorum
256 363 434 447 inrequieta
457 385 583 448 semper
605 362 740 449 agitatio
763 384 928 447 nunquam
947 364 983 428 in
1002 365 1120 450 eodem

93 453 232 539 vestigio
262 456 378 517 manet.
425 453 531 518 solum
561 453 662 538 igitur
692 452 732 516 ad
760 456 935 536 occupatos
962 475 1119 538 praesens

94 543 234 626 pertinet
262 545 403 627 tempus,
437 542 523 624 quod
552 545 619 606 tam
648 541 744 606 breve
774 545 836 626 est,
866 545 903 606 ut
925 543 1026 627 arripi
1049 566 1120 608 non

94 632 210 716 possit,
234 634 266 696 et
288 631 322 696 id
345 632 451 715 ipsum
474 631 540 695 illis
564 630 718 695 districtis
741 631 776 695 in
794 631 898 696 multa
916 631 1119 698 subducitur.

60 739 74 788 1
184 718 239 784 XI.
275 719 424 804 Denique
460 720 509 784 vis
546 720 626 784 scire
663 740 761 803 quam
796 742 864 785 non
894 720 950 784 diu
981 721 1120 787 vivant?
1150 743 1161 784 5

94 809 167 874 vide
199 831 296 894 quam
328 810 461 894 cupiant
492 808 548 873 diu
577 809 691 874 vivere.
738 808 892 893 decrepiti
919 829 1010 874 senes
1038 832 1120 894 pau-

95 920 206 965 corum
229 921 386 964 annonam
409 899 624 963 accessionem
646 898 731 962 votis
754 899 951 964 mendicant:
973 899 1119 966 minores

93 992 173 1054 natu
201 989 345 1072 seipsos
369 1009 437 1052 esse
460 987 602 1073 fingimt3
629 987 796 1052 mendacio
820 987 883 1052 sibi
904 987 1121 1054 blandiuntur

94 1081 127 1142 et
148 1081 216 1142 tam
237 1077 376 1142 libenter
399 1098 433 1141 se
455 1076 573 1141 fallunt
596 1098 693 1160 quam
716 1077 744 1140 si
767 1099 832 1140 una
853 1076 921 1141 fata
944 1076 1119 1163 decipiant

94 1167 159 1231 iam
186 1188 262 1231 vero
287 1187 360 1231 cum
384 1166 458 1229 illos
482 1167 591 1250 aliqua
613 1165 806 1230 inbecillitas
830 1165 1039 1232 mortalitatis
1064 1168 1120 1231 ad·
1138 1190 1161 1228 ιο

94 1256 234 1338 monuit,
258 1254 528 1337 quemadmodum
550 1258 704 1337 paventes
727 1255 923 1338 moriuntur,
944 1276 1013 1320 non
1035 1259 1120 1321 tam·

95 1367 192 1428 quam
211 1346 325 1408 exeant
344 1343 382 1407 de
401 1343 477 1426 vita,
495 1343 550 1408 sed
563 1346 730 1427 tamquam
743 1343 960 1408 extrahantur.
997 1345 1119 1410 stultos

94 1454 128 1497 se
151 1433 265 1514 fuisse,
289 1431 344 1514 qui
367 1452 434 1496 non
451 1432 605 1514 vixerint,
627 1433 795 1497 clamitant
812 1436 858 1517 et,
881 1433 1025 1499 simodo
1045 1456 1119 1500 era·

94 1521 195 1585 serint
221 1543 261 1586 ex
288 1521 345 1584 illa
367 1521 558 1605 valitudine,
584 1522 620 1585 in
643 1522 710 1586 otio
732 1522 889 1606 victuros3
916 1525 995 1587 tunc
1019 1544 1119 1606 quam

93 1610 214 1674 11111111
244 1610 441 1694 paraverint,
478 1610 594 1694 quibus
626 1633 693 1676 non
724 1610 919 1695 fruerentur,
951 1632 1050 1695 quam
1082 1613 1119 1677 in
1137 1633 1161 1674 11

59 1716 75 1764 a
95 1720 220 1765 cassum
240 1699 343 1764 omnis
363 1699 513 1765 ceciderit
530 1699 637 1783 labor,
659 1701 813 1785 cogitant.
859 1703 893 1764 at
911 1700 1030 1784 quibus
1048 1702 1119 1766 rita

94 1789 208 1874 procul
237 1788 277 1853 ab
308 1789 396 1852 omni
425 1789 557 1873 negotio
586 1790 706 1875 agitur,
736 1788 850 1872 quidni
878 1790 1021 1873 spatiosa
1049 1791 1118 1855 sit?

93 1878 177 1943 nihil
200 1900 240 1943 ex
261 1878 319 1943 illa
342 1879 522 1964 delegatur,
545 1878 628 1942 nihil
651 1878 715 1942 alio
739 1881 836 1961 atque
859 1877 923 1943 alio
943 1879 1118 1965 spargitur,

93 1968 177 2032 nihil
203 1966 278 2032 inde
304 1967 454 2032 fortunae
479 1968 631 2050 traditur,
657 1967 741 2031 nihil
767 1967 972 2053 neglegentia
994 1968 1121 2054 interit,

93 2057 177 2121 nihil
193 2057 366 2141 largitione
386 2056 577 2140 detrahitur,
595 2056 679 2120 nihil
698 2076 931 2140 supervacuum
950 2060 1012 2122 est:
1036 2060 1117 2142 tota,
1136 2080 1160 2119 so

93 2148 131 2209 ut
162 2146 209 2209 ita
241 2146 359 2229 dicam,
390 2146 425 2210 in
451 2145 558 2210 reditu
585 2149 641 2210 est.
688 2145 982 2230 quantulacumque
1004 2146 1117 2231 itaque

95 2233 220 2298 abunde
240 2234 371 2318 sufficit,
388 2239 421 2300 et
438 2234 521 2318 ideo,
539 2235 733 2318 quandoque
751 2234 885 2300 ultimus
900 2234 968 2299 dies
981 2237 1117 2320 venerit,

94 2343 161 2386 non
190 2323 395 2388 cunctabitur
424 2324 551 2408 sapiens
580 2324 627 2388 ire
654 2323 695 2386 ad
723 2326 860 2389 mortem
887 2327 974 2388 certo
1003 2325 1116 2410 modu.

59 2427 74 2476 1
187 2409 259 2475 XII.
295 2409 428 2487 Quaeris
464 2411 613 2496 fortasse,
651 2432 731 2495 quos
769 2416 942 2496 occupatos
978 2413 1118 2479 vocem?

93 2521 161 2565 non
188 2503 237 2564 est
265 2501 351 2583 quod
378 2524 429 2566 me
457 2502 544 2566 solos
567 2504 662 2585 putes
685 2500 804 2585 dicere,
832 2523 913 2586 quos
936 2525 956 2566 a
978 2502 1117 2568 basilica
1135 2524 1160 2565 11

93 2587 219 2654 inmissi
248 2588 375 2653 demum
402 2611 496 2655 canes
525 2590 658 2673 eiciunt,
686 2611 767 2673 quos
795 2594 851 2655 aut
877 2591 912 2654 in
940 2612 998 2656 sua
1024 2593 1115 2658 vides

94 2678 188 2743 turba
211 2678 387 2762 speciosius
411 2680 487 2744 elidi
510 2679 624 2743 autin
647 2680 751 2744 aliena
774 2680 1004 2764 contemptius,
1032 2701 1115 2765 quos

95 2767 203 2833 officia
222 2766 370 2832 domibus
389 2769 455 2833 suis
475 2772 620 2850 evocant,
637 2771 675 2832 ut
693 2769 806 2833 alienis
823 2768 947 2834 foribus
966 2769 1116 2854 inlidunt,

94 2862 149 2922 111
175 2857 268 2921 hasta
293 2858 450 2941 praetoris
473 2857 587 2921 infami
608 2857 699 2922 lucro
724 2862 756 2923 11
780 2858 971 2941 quandoque
995 2879 1116 2944 suppu-

59 2950 203 3011 rraturo
231 2949 364 3011 exercet.
411 2947 611 3029 quorundam
640 2947 743 3011 otium
770 2950 963 3030 occupatum
990 2951 1054 3012 est:
1080 2949 1116 3013 in
1134 2970 1160 3010 10

94 3037 172 3101 villa
199 3039 255 3100 aut
281 3035 317 3099 in
343 3036 427 3100 lecto
456 3057 528 3118 suo,
559 3036 593 3099 in
619 3036 725 3100 media
752 3035 939 3120 solitudine,
967 3038 1115 3120 quamvis

182 3227 200 3283 8
219 3245 249 3283 se
267 3246 288 3284 e.
303 3247 327 3284 v.
342 3230 406 3284 odd.
420 3228 463 3284 A’
475 3228 485 3302 11
502 3229 520 3282 9
535 3230 636 3283 ettam
650 3229 718 3300 oolp.
734 3230 792 3284 etia
805 3229 833 3285 A
851 3227 862 3301 11
879 3227 915 3283 13
931 3228 981 3298 qui
995 3229 1116 3301 Madoip

93 3301 126 3353 ut
139 3302 167 3355 A
185 3298 195 3372 11
213 3300 248 3354 11
265 3300 393 3354 incusum
407 3300 449 3356 A¹
467 3302 583 3355 atteram
632 3317 652 3354 a.
667 3318 693 3355 o.
707 3301 771 3356 odd.
785 3300 885 3356 11111.
899 3299 942 3356 A¹
958 3299 1022 3426 &Ab
1040 3300 1115 3356 solos

93 3372 161 3443 oolq.
181 3371 257 3425 solus
270 3373 299 3426 A
318 3389 365 3426 eos
384 3372 457 3426 solos
475 3373 555 3426 malit
571 3371 652 3427 Gertz
671 3370 674 3443 1
696 3371 833 3426 abasilica
846 3371 874 3427 A
893 3373 957 3443 (quo
990 3371 1117 3439 dofendit

95 3443 127 3496 P.
150 3444 269 3498 mamas
292 3444 351 3498 coll.
373 3446 449 3512 epist.
472 3447 595 3510 122,16.·
620 3459 637 3496 a
660 3442 761 3498 balneo
786 3443 885 3513 exisse)
910 3458 925 3497 e
947 3441 979 3496 b-
1002 3442 1089 3498 Gesta
1102 3443 1117 3517 11

89 3510 129 3565 28
146 3512 257 3580 damah,
269 3514 297 3568 A
316 3515 365 3570 aad
381 3531 450 3570 corr.
464 3515 528 3582 fort.
542 3531 578 3569 m.
594 3519 658 3570 111
674 3514 786 3581 homibq
807 3514 813 3586 l
832 3516 952 3569 euocaut
964 3512 1007 3570 A⁶
1020 3530 1051 3570 se
1064 3531 1115 3570 uo-

80 3585 149 3636 *ant
166 3591 200 3640 ut
216 3586 272 3642 aad.
287 3587 335 3644 A¹
350 3587 364 3664 l}
381 3587 420 3646 29
439 3589 492 3645 aut
511 3587 580 3645 odd.
596 3586 716 3658 Modotq
736 3597 841 3653 quasa
