2400 3840
213 209 263 264 AD
284 208 499 264 GALLIONEM
517 209 565 263 DE
584 209 673 263 VITA
690 207 813 263 ΒΕΑΤΑ
832 207 909 263 GAP.
925 214 958 263 2'1
1031 210 1096 276 229

80 376 175 439 quem
206 355 353 439 deorum,
380 354 571 420 concurritis
599 359 631 419 et
659 355 776 420 auditis
800 376 837 420 ac
860 354 1006 419 divinum
1029 375 1098 420 esse

80 468 167 528 eum,
189 444 327 509 invicem
349 448 477 508 mutum
500 444 621 509 alentes
645 447 822 528 stuporem,
846 443 1030 510 adfirmatis.

168 531 301 599 XXVII.
338 532 423 598 Ecce
447 531 593 598 Socrates
622 556 661 597 ex
682 533 740 598 illo
764 555 904 615 carcere,
933 556 1028 617 quem
1051 533 1098 598 in·
1118 550 1132 598 1

78 624 192 688 trando
226 623 378 708 purgavit
408 622 560 705 omnique
588 622 805 687 honestiorem
837 623 925 688 curia
951 622 1100 706 reddidit,

48 736 60 776 5
79 713 271 798 proclamat:
291 711 362 796 ‘qui
380 710 441 776 iste
458 711 562 795 furor,
581 732 662 795 quae
678 711 741 776 ista
754 712 885 776 inimica
898 711 947 776 dis
961 712 1099 776 homini-

79 803 204 885 busque
233 804 349 865 natura
378 804 427 866 est
456 800 611 865 infamare
633 801 768 866 virtutes
799 803 831 864 et
857 801 1007 886 malignis
1036 823 1099 866 ser·

79 891 230 955 monibus
254 893 364 955 sancta
386 888 529 955 violare?
564 890 592 954 si
614 890 763 974 potestis,
785 889 889 954 bonos
907 889 1049 972 laudate,
1071 891 1099 956 si

79 980 200 1062 minus,
222 979 373 1063 transite3
401 979 488 1062 quod
511 980 539 1045 si
561 979 653 1044 vobis
676 999 822 1044 exercere
844 982 980 1043 taetram
1003 980 1099 1043 istam

78 1068 243 1134 licentiam
261 1069 379 1152 placet,
400 1069 482 1133 alter
499 1068 534 1132 in
551 1069 688 1133 alterum
706 1069 906 1133 incursitate:
931 1090 1006 1132 nam
1026 1088 1099 1133 cum

34 1180 61 1220 1⁰
79 1158 115 1222 in
144 1159 268 1223 caelum
295 1158 457 1240 insanitis,
486 1179 554 1221 non
583 1157 654 1223 dico
683 1157 887 1242 sacrilegium
914 1156 1021 1222 facitis
1044 1157 1100 1221 sed

80 1269 209 1332 operam
240 1247 384 1332 perditis.
434 1247 569 1330 praebui
598 1268 658 1333 ego
685 1247 858 1331 aliquando
887 1243 1135 1329 Aristophani2

79 1337 247 1402 materiam
265 1337 420 1419 iocorum,
438 1340 508 1401 tota
520 1337 578 1400 illa
592 1336 789 1401 comicorum
803 1339 971 1420 poetarum
984 1356 1099 1400 manus

79 1426 114 1491 in
134 1449 184 1491 me
202 1429 377 1490 venenatos
396 1425 478 1490 sales
497 1446 573 1490 suos
592 1425 718 1490 effudit:
740 1425 912 1490 inlustrata
930 1428 979 1490 est
996 1425 1099 1489 virtus

79 1538 151 1580 mea
179 1537 238 1598 per
264 1537 301 1579 ea
328 1515 412 1597 ipsa,
444 1535 502 1596 per
529 1536 610 1597 quae
637 1515 819 1598 petebatur3
851 1515 986 1597 produci
1013 1514 1099 1578 enim

35 1624 61 1665 m
79 1605 129 1668 illi
143 1603 340 1686 attemptari
354 1603 490 1685 expedit,
504 1624 563 1667 neo
577 1603 637 1666 ulli
650 1604 753 1688 magis
763 1603 965 1688 intellegunt,
979 1606 1101 1686 quanta

80 1693 137 1772 sit,
166 1712 264 1774 quam
287 1691 344 1774 qui
366 1691 450 1755 vires
474 1691 542 1756 eius
565 1692 750 1757 lacessendo
774 1696 954 1757 senserunt:
982 1692 1101 1756 duritia

81 1779 179 1844 silicis
197 1779 295 1843 nullis
314 1779 418 1863 magis
442 1799 539 1861 quam
561 1779 750 1845 ferientibus
773 1784 851 1844 nota
869 1785 926 1845 est.
962 1781 1135 1864 praebeor,

81 1889 132 1932 me
153 1889 222 1932 non
244 1868 337 1932 aliter
360 1889 457 1950 quam
474 1890 569 1951 rupes
588 1868 750 1952 aliquam
767 1869 887 1933 vadoso
906 1869 988 1932 mari
1006 1869 1101 1934 desti-

80 1960 166 2040 tuta,
184 1977 281 2038 quam
295 1956 412 2021 fluctus
426 1978 493 2021 non
507 1956 666 2040 desinunt,
684 1957 908 2039 undecumque
921 1955 1003 2021 moti
1016 1960 1101 2039 sunt,

36 2047 261 2129 reverberare,
287 2066 347 2110 nec
374 2046 446 2110 ideo
470 2049 527 2110 aut
548 2046 621 2111 loco
645 2068 715 2111 eam
739 2048 870 2110 movent
893 2049 949 2110 aut
971 2067 1029 2129 per
1051 2049 1101 2110 tot

81 2139 200 2200 aetates
229 2134 340 2200 crebro
363 2135 495 2200 incursu
518 2157 576 2201 suo
600 2138 808 2219 consumunt3
837 2134 977 2216 adsidite,
1005 2134 1101 2200 facite

80 2226 251 2309 impetum:
282 2223 413 2289 ferendo
441 2245 499 2288 vos
527 2224 662 2288 vincam.
707 2224 742 2288 in
770 2246 819 2306 ea,
848 2245 929 2308 quae
953 2223 1046 2288 firma
1069 2229 1101 2289 et

80 2313 332 2398 inexuperabilis
364 2316 453 2396 sunt,
489 2313 642 2397 quicquid
671 2313 806 2378 incurrit
832 2314 918 2377 malo
947 2334 1006 2378 suo
1033 2313 1100 2377 vim

81 2425 172 2468 suam
195 2406 333 2467 exercet:
355 2401 490 2486 proinde
513 2402 656 2486 quaerite
678 2403 819 2486 aliquam
840 2403 970 2467 mollem
990 2403 1101 2468 ceden-

36 2509 63 2550 ss
81 2495 211 2574 temque
238 2490 419 2575 materiam,
445 2490 480 2556 in
508 2513 572 2576 qua
598 2492 663 2557 tela
685 2495 792 2556 vestra
813 2491 962 2577 figantur.
1008 2492 1136 2558 vobisc

81 2583 189 2644 autem
217 2584 310 2645 vacat
339 2579 443 2645 aliena
472 2580 608 2645 scrutari
637 2581 722 2645 mala
751 2584 784 2644 et
812 2581 986 2645 sententias
1017 2580 1100 2646 ferre

82 2669 121 2733 de
154 2689 330 2752 quoquam:
359 2669 471 2752 ‘quare
500 2668 554 2734 hic
584 2669 797 2753 philosophus
827 2671 931 2734 laxius
954 2669 1101 2735 habitat?

82 2779 180 2841 quare
198 2757 252 2822 hic
273 2757 394 2822 lautius
418 2757 570 2822 cenat?'?
611 2760 747 2842 papulas
771 2758 947 2824 observatis
971 2759 1101 2841 alienas,

82 2846 180 2931 opsiti
205 2846 353 2931 plurimis
375 2846 558 2911 ulceribus?
602 2848 665 2912 hoo
687 2848 751 2912 tale
775 2850 837 2930 est,
859 2848 953 2930 quale
977 2849 1005 2912 si
1028 2848 1100 2931 quis

37 2957 63 2997 ao
81 2935 371 3020 pulcherrimorum
391 2956 562 3020 corporum
580 2958 698 3001 naevos
717 2940 774 3001 aut
788 2956 936 3001 verrucas
951 2936 1101 3020 derideat,

170 3147 188 3201 2
209 3149 320 3201 mutum
343 3146 424 3203 Gertz
448 3149 578 3201 mutuum
596 3150 625 3202 A
648 3145 701 3272 135
719 3147 769 3216 qui
791 3146 846 3201 iste
865 3147 907 3200 Αβ
930 3144 1040 3217 quilstc
1058 3145 1100 3199 A¹

81 3220 144 3289 quis
158 3219 213 3274 iste
226 3221 294 3290 culp.
304 3219 314 3292 Η
327 3219 363 3272 16
372 3221 527 3285 senserunt,
537 3220 639 3287 <ut>
668 3219 756 3272 uritia
770 3220 851 3273 Gertz
865 3219 925 3287 (cfr.
937 3219 1077 3285 p.13,18)
1090 3216 1100 3288 ll

82 3290 116 3345 18
141 3291 247 3344 uadoso
268 3291 297 3345 A
320 3289 429 3344 undoso
449 3291 565 3359 Isipsius
589 3289 599 3362 Η
625 3290 661 3344 22
683 3290 764 3343 firma
787 3291 816 3343 et
838 3305 906 3344 corr.
925 3290 988 3357 ipsc
1005 3288 1048 3342 A¹
1066 3304 1100 3343 aa

81 3362 167 3416 firm&
193 3362 302 3418 ataid.
326 3361 330 3433 l
361 3360 397 3416 24
414 3361 563 3417 mollems
587 3361 662 3416 molt
681 3363 708 3414 A
732 3359 742 3433 ll
771 3360 807 3414 26
828 3360 915 3413 uacat
933 3361 961 3413 A
985 3361 1010 3430 (c
1028 3375 1100 3429 cmg

81 3433 203 3488 radendo
226 3435 305 3502 corr.)
330 3432 333 3505 l
363 3432 398 3487 27
421 3435 504 3488 octa
527 3448 614 3501 quare
633 3432 681 3485 hic
699 3431 883 3501 philosophus
903 3429 1105 3486 ...memus

81 3504 303 3559 ottrectatoribus
317 3504 541 3573 philosophorum
554 3505 653 3560 tribuit
668 3503 754 3560 Getta
762 3502 832 3576 ltdt
842 3517 941 3555 nenos
952 3500 1012 3549 arm
1020 3499 1133 3560 tuens*

83 3576 113 3629 in
130 3591 194 3641 raa,
213 3576 390 3631 antidotum
408 3579 584 3649 reuocatam)
601 3575 643 3634 Αδ
