2400 3840
441 657 826 741 PRAEFATIO.

212 820 306 903 Novi
320 841 444 901 subsidii
458 841 555 900 critici
569 840 607 900 ad
623 838 821 900 emendandos
837 838 872 898 L.
881 839 1000 898 Annaei
1013 838 1142 900 Senecae

125 932 178 1011 qui
195 933 335 990 ferimtur
352 930 489 1008 dialogos
507 929 583 988 nihil
603 929 707 989 affero:
725 949 821 1006 neque
840 929 920 987 enim
937 929 1009 988 novi
1027 928 1142 989 codices

123 1023 156 1080 in
178 1023 275 1080 lucem
297 1039 393 1096 nuper
415 1021 562 1096 protracti
585 1020 669 1094 sunt,
692 1018 776 1095 quos
790 1019 923 1077 conferre
946 1036 1053 1094 operae
1075 1038 1141 1095 pre·

125 1111 201 1170 tium
224 1112 310 1184 esset,
333 1128 387 1168 nec
410 1109 523 1168 codicis,
538 1108 738 1183 Ambrosiam,
762 1128 850 1184 quem
868 1099 1035 1184 principem
1052 1107 1142 1166 facile

123 1201 156 1258 in
184 1201 231 1259 his
260 1199 345 1258 libris
375 1199 475 1257 locum
505 1199 536 1256 et
565 1199 664 1256 aetate
694 1199 724 1256 et
753 1197 887 1255 bonitate
918 1196 1052 1255 obtinere
1083 1196 1143 1255 viri

124 1289 206 1348 docti
228 1289 430 1362 consentiunt,
453 1306 532 1347 nova
555 1287 676 1346 collatio
699 1287 867 1345 necessaria
890 1304 952 1345 esse
975 1285 1141 1346 videbatur.

124 1379 209 1438 cuius
238 1377 348 1437 codicis
383 1395 451 1436 cum
477 1378 547 1453 post
576 1369 750 1434 Fickertum
777 1376 854 1434 duae
883 1374 1021 1451 deinceps
1051 1374 1143 1433 colla-

123 1468 220 1527 tiones
239 1467 409 1543 prodissent
426 1465 554 1526 invicem
568 1485 599 1525 se
614 1466 786 1541 supplentes
801 1466 892 1541 atque
906 1464 1142 1541 comprobantes,

125 1575 252 1631 quarum
276 1557 402 1614 alteram
425 1557 516 1629 certe,
540 1553 730 1614 Gertzianam
753 1553 833 1628 dico,
860 1555 948 1612 tanta
976 1572 1043 1612 cum
1070 1571 1142 1612 cura

126 1662 161 1703 ac
191 1643 349 1721 diligentia
381 1643 547 1701 confectam
580 1662 642 1703 esse
672 1645 811 1719 apparet,
843 1644 879 1701 ut
907 1643 992 1701 nulla
1020 1642 1082 1701 fere
1105 1641 1141 1700 de

125 1731 303 1792 lectionibus
332 1732 394 1789 eius
422 1729 570 1808 dubitatio
599 1732 736 1805 exsistat,
763 1730 955 1807 supersedere
982 1732 1057 1789 mihi
1079 1731 1142 1789 iam

123 1839 211 1898 posse
242 1819 366 1879 videbar
398 1819 494 1878 denuo
524 1838 593 1877 eum
625 1821 775 1894 excutere,
810 1819 842 1877 id
874 1819 955 1895 quod
968 1894 971 1898 ι
986 1838 1046 1877 non
1078 1819 1142 1878 sine

123 1911 242 1988 magnis
266 1908 494 1968 difficultatibus
517 1908 583 1967 fieri
604 1926 691 1984 posse
717 1907 936 1984 intellegebam.
981 1909 1084 1984 itaque
1111 1911 1142 1967 et

123 2014 173 2061 eas
197 2000 352 2075 lectiones,
376 2017 448 2075 quas
471 1997 503 2055 in
522 1999 670 2074 apparatu
689 1996 792 2057 critico
812 1996 915 2072 acum,
938 2000 970 2056 et
992 2016 1040 2072 ea,
1064 2017 1141 2073 quae

123 2089 160 2149 de
187 2091 253 2166 ipso
282 2088 381 2148 codice
410 2089 533 2164 eiusque
561 2087 775 2174 correctoribus
803 2086 852 2145 hic
880 2086 942 2144 iam
957 2086 1142 2163 *proferenda

123 2181 206 2254 sunt,
234 2178 485 2237 ecommantario
509 2196 578 2236 cum
605 2177 713 2236 Kochii
736 2179 802 2235 tum
826 2174 938 2235 Gertzii
965 2177 1141 2253 deprompta

123 2286 187 2328 0⁸80
210 2285 312 2416 sddddx
330 2354 545 2415 Ambrosianus
565 2347 632 2436 (A),
656 2355 709 2432 qui
726 2354 890 2413 Mediolani
908 2352 939 2412 in
959 2354 1141 2412 bibliotheca
1160 2357 1188 2410 A

124 2443 323 2504 Ambrosiana
336 2446 446 2504 litteris
463 2443 484 2503 0
498 2449 534 2502 n⁰
550 2446 592 2503 90
606 2446 683 2521 part.
693 2444 747 2502 inf.
757 2443 918 2522 insignitus
931 2443 1020 2502 hodie
1035 2446 1141 2517 exstat,

124 2533 366 2593 membranaceus
386 2536 432 2593 est
449 2533 516 2592 folii
533 2532 670 2608 minoris⁷
691 2534 731 2592 88
751 2533 825 2591 folia
844 2533 1012 2607 continens,
1033 2531 1141 2608 quibus

124 2622 184 2682 duc
207 2642 268 2682 non
291 2622 329 2682 ad
352 2624 453 2699 ipsum
476 2622 606 2681 codicem
628 2622 810 2698 pertinentia
832 2621 964 2698 praefixa
987 2624 1065 2680 sunt
1108 2622 1141 2680 in

123 2711 170 2772 his
194 2711 309 2771 duobus
333 2711 415 2771 foliis
438 2712 580 2789 leguntur
603 2711 751 2787 quaedam
777 2712 951 2770 recentioris
981 2711 1141 2770 memoriae

125 2819 143 2860 a
164 2800 401 2879 bibliothecariis
423 2800 548 2876 scripta,
576 2820 592 2859 e
616 2800 724 2877 quibus
748 2801 888 2878 colligere
915 2801 986 2859 licet
1011 2799 1141 2859 codicem

124 2890 196 2949 olim
218 2890 250 2947 in
272 2889 454 2957 bibliotheca
475 2889 652 2948 monasterii
669 2889 934 2949 Monteeasinensis
956 2891 1141 2949 asservatum

124 2997 202 3038 anno
229 2979 323 3052 1583,
350 2979 450 3037 nescio
477 2997 537 3054 quo
566 2996 650 3053 casu,
672 2979 703 3036 in
728 2973 864 3037 ‘Antonii
888 2978 1041 3037 Francisci
1063 2977 1141 3036 Nea·

123 3069 237 3144 politae
266 3066 429 3127 Oarac'cioli
455 3061 551 3126 'Siculi
579 3071 609 3126 et
631 3062 805 3125 amicorum'
827 3069 1013 3144 possessione
1040 3066 1142 3141 finisse·

124 3176 202 3216 anno
226 3156 332 3215 deinde
357 3157 442 3215 1603
466 3156 600 3215 Fedarici
622 3157 798 3216 Borromaei
817 3156 984 3216 Cardinalis
1003 3156 1089 3214 iussu
1109 3155 1142 3214 in

123 3245 335 3307 bibliothecam
358 3245 588 3305 Ambrosianam
610 3246 730 3304 illatum
753 3265 824 3306 esse.
861 3246 894 3304 in
911 3246 1007 3321 ipsius
1031 3245 1141 3305 codicis

123 3335 191 3394 folii
213 3336 303 3412 primi
326 3335 438 3414 pagina
462 3334 590 3394 secunda
612 3334 781 3394 uncialibus
804 3334 912 3393 litteris
934 3334 1027 3393 minio
1046 3334 1141 3394 nitide

124 3424 254 3484 exaratis
276 3424 365 3484 index
388 3443 490 3483 eorum
512 3424 658 3483 librorum
681 3423 827 3499 Senecae„
852 3441 934 3498 auos
960 3422 1065 3479 eoban
1092 3435 1167 3470 enn-
