2400 3840
359 175 409 230 nn
427 176 491 230 raa
509 175 576 232 nin.
591 176 624 231 11.
659 175 735 232 oar.
751 182 775 231 e.
790 182 847 233 as
1062 179 1102 246 75

89 322 289 387 dissuadente
312 323 420 405 aliqua
443 344 538 387 causa
559 323 667 387 statim
685 322 815 387 resedit:
837 323 921 387 hanc
939 324 1020 387 iram
1037 345 1103 387 non

87 433 181 495 rocO,
204 414 329 476 motum
352 411 451 476 animi
472 411 590 475 rationi
611 414 788 495 parentcm3
807 412 864 475 illa
882 416 930 477 est
947 412 1003 495 ira,
1023 434 1103 495 quae

86 502 243 565 rationem
266 501 435 583 transsilit,
460 522 540 583 quae
564 522 671 564 secum
693 501 786 584 rapit.
825 522 902 586 ergo
925 501 1030 584 prima
1047 501 1138 566 illac

87 591 221 674 agitatio
254 590 365 672 animi,
402 611 499 672 quam
531 590 652 672 species
684 589 818 653 iniuriae
854 590 1001 673 incussit,
1037 611 1104 654 non

55 701 67 742 e
87 680 189 763 magis
213 679 260 742 ira
283 682 332 742 est
355 700 451 762 quam
474 679 545 761 ipsa
567 678 701 742 iniuriae
724 679 859 762 species3
886 679 941 742 ilie
968 701 1102 762 sequeus

87 769 239 851 impetus,
268 768 323 850 qui
347 768 485 851 speciem
507 767 642 831 iniuriae
664 788 731 831 non
753 771 879 831 tantum
902 768 1026 851 accepit
1048 767 1104 832 sed

87 856 289 940 adprobavit,
308 856 356 919 ira
374 860 436 939 est,
454 857 625 921 concitatio
645 857 744 920 animi
762 855 803 920 ad
820 857 976 921 ultionem
992 858 1103 921 volun-

87 948 152 1009 tate
180 948 212 1009 et
238 945 356 1010 iudicio
384 946 555 1030 pergentis.
600 967 775 1029 numquam
799 944 931 1010 dubium
955 949 1003 1010 est
1025 946 1104 1029 quin

87 1035 184 1098 timor
207 1034 317 1119 fugam
340 1035 468 1117 habeat,
492 1035 539 1098 ira
561 1035 720 1119 inpetum:
750 1034 823 1098 vide
846 1056 922 1119 ergo
947 1056 987 1097 an
1010 1037 1103 1118 putes

40 1147 67 1186 ro
86 1123 208 1208 aliquid
237 1125 304 1188 sine
327 1123 464 1189 adsensu
486 1124 602 1188 mentis
626 1127 682 1188 aut
704 1124 771 1207 peti
794 1145 888 1207 posse
912 1127 968 1188 aut
990 1124 1102 1188 caveri.

174 1212 230 1278 IV.
262 1213 307 1277 Et
329 1218 366 1277 ut
389 1214 470 1278 scias
495 1212 763 1296 quemadmodum
785 1212 943 1296 incipiant
961 1212 1103 1276 adfectus
1123 1228 1137 1276 1

87 1306 142 1367 aut
161 1305 305 1367 crescant
323 1307 378 1367 aut
392 1303 576 1386 efferantur,
592 1306 641 1366 est
654 1303 777 1387 primus
792 1306 898 1366 motus
912 1323 979 1366 non
991 1302 1104 1366 volun·

86 1393 200 1473 tarius,
230 1391 321 1475 quasi
348 1392 550 1475 praeparatio
574 1391 717 1456 adfectus
740 1395 783 1456 et.
796 1390 951 1476 quaedam
974 1390 1104 1455 commi·

85 1481 188 1564 natio,
220 1482 302 1544 alter
333 1502 406 1544 cum
435 1481 600 1545 voluntate
629 1502 696 1545 non
723 1481 916 1563 contumaci,
939 1482 1103 1563 tamquam

41 1589 69 1650 1⁵„
87 1573 234 1652 oporteat
263 1590 314 1632 me
343 1568 516 1652 vindicari,
542 1591 615 1634 cum
644 1570 749 1634 laesus
777 1571 850 1652 sim,
879 1572 934 1633 aut
957 1571 1104 1652 oporteat

86 1658 173 1720 hunc
201 1679 321 1739 poenas
352 1656 439 1740 dare,
468 1680 542 1722 cum
571 1658 674 1722 scelus
704 1658 828 1742 fecerit3
854 1658 968 1723 tertius
996 1662 1103 1722 motus

88 1749 136 1808 est
158 1746 222 1809 iam
245 1745 418 1828 impotens,
442 1747 498 1829 qui
519 1767 586 1809 non
610 1747 638 1811 si
661 1751 789 1829 oportet
810 1747 924 1811 ulcisci
945 1748 1029 1829 vult,
1048 1745 1104 1810 sed

88 1833 212 1916 utique,
232 1834 288 1916 qui
305 1834 462 1898 rationem
481 1834 584 1898 evicit.
622 1836 761 1918 primum
780 1835 873 1899 ilium
891 1835 990 1899 animi
1003 1835 1103 1899 ictum
1121 1850 1137 1898 a

39 1929 41 1933 '
88 1922 226 2007 effugere
255 1923 379 1986 ratione
407 1943 474 1986 non
503 1945 687 2007 possumus,
715 1924 798 1988 sicut
824 1945 864 1987 ne
891 1923 949 1986 illa
975 1922 1104 2005 quidem

41 2033 68 2073 ao
88 2033 169 2094 quae
202 2011 340 2076 diximus
373 2011 514 2076 accidere
547 2012 750 2096 corporibus,
784 2033 825 2076 ne
860 2032 920 2075 nos
956 2012 1102 2075 oscitatio

87 2101 191 2164 aliena
227 2101 392 2184 sollicitet,
427 2123 467 2165 ne
500 2101 586 2165 oculi
617 2100 658 2165 ad
689 2100 933 2188 intentationem
965 2099 1103 2165 subitam

87 2189 262 2275 digitorum
285 2190 540 2275 conprimentur:
563 2191 626 2254 ista
646 2211 713 2254 non
736 2186 843 2273 potest
865 2189 947 2253 ratio
967 2189 1102 2274 vincere,

86 2279 283 2344 consuetudo
320 2279 456 2344 fortasse
493 2283 525 2344 et
561 2278 694 2343 adsidua
731 2279 910 2344 observatio
945 2282 1102 2343 extenuat.

86 2369 167 2432 alter
195 2369 250 2433 ille
280 2372 400 2451 motus,
428 2369 484 2452 qui
506 2368 625 2434 iudicio
648 2369 803 2452 nascitur,
826 2367 945 2432 iudicio
968 2369 1102 2432 tollitur.

38 2477 66 2518 as
175 2456 214 2521 V.
250 2455 336 2521 illud
358 2457 540 2522 etiamnunc
565 2457 780 2541 quaerendum
803 2461 863 2540 est,
886 2457 911 2520 ii
930 2457 986 2540 qui
1003 2457 1136 2542 vulgol
1170 2516 1172 2520 Α

86 2545 231 2609 saeviunt
263 2550 295 2610 et
327 2547 482 2632 sanguine
510 2547 651 2612 humano
682 2546 822 2632 gaudent
849 2569 890 2610 an
916 2547 1103 2628 irascantrr,

86 2655 159 2698 cum
190 2655 244 2698 eos
275 2635 438 2718 occidunt,
465 2658 484 2699 a
512 2637 627 2719 quibus
654 2657 714 2700 noc
741 2639 931 2718 acceperunt
954 2635 1103 2698 iniuriam

84 2745 145 2787 nec
163 2723 323 2808 accepisse
341 2725 404 2807 ipsi
423 2747 456 2788 se
475 2725 672 2789 existimant:
691 2725 794 2808 qualis
808 2724 871 2788 fuit
884 2723 1102 2807 Apollodorus

175 2898 192 2951 5
207 2904 272 2966 post
288 2898 409 2952 iniuriae
428 2899 535 2968 species
551 2899 706 2968 Saparnos
719 2905 744 2954 et
756 2893 845 2967 caper
859 2898 981 2953 Karsten
999 2897 1103 2951 iniuria

85 2970 129 3024 est
153 2969 310 3024 addendum
335 2986 389 3024 esce
411 2976 533 3036 censen&
553 2981 611 3025 aon
633 2969 730 3025 accedo
746 2969 773 3096 p
788 2969 823 3023 15
842 2971 972 3038 oporteat
989 2970 1016 3023 L
1034 2969 1101 3038 colo.

85 3041 198 3109 oportet
217 3043 246 3096 A
270 3040 280 3112 Η
304 3039 338 3094 21
363 3040 581 3096 intentationem
604 3040 727 3096 subitam
797 3048 830 3096 ut
850 3041 919 3111 ooly.
943 3041 1102 3108 inpotente-

84 3111 192 3165 tionem
217 3110 312 3165 subita
333 3112 361 3167 A
388 3111 398 3184 t
424 3111 461 3167 24
481 3119 546 3180 poa
569 3129 591 3168 c.
610 3114 660 3167 IV
681 3114 798 3168 homae
821 3114 931 3182 stpcum
950 3116 1103 3181 posuerunt

84 3183 201 3251 Lipsius
215 3189 241 3237 et
255 3183 349 3249 Gertz,
367 3184 414 3237 aad
431 3184 494 3238 cide
509 3201 579 3253 quoe
593 3191 689 3239 contro
703 3183 1105 3250 eosJot.Mo1leruapatavit

84 3255 117 3308 io
134 3256 205 3309 actis
222 3255 310 3310 Acad.
330 3255 445 3309 Viadob.
466 3256 603 3311 CXVIII
618 3259 689 3312 1889
706 3272 737 3324 p.
751 3259 785 3309 13
808 3254 821 3338 t
843 3254 878 3308 25
900 3254 923 3307 ii
944 3252 1102 3323 Wesenberg

84 3324 132 3378 hic
153 3324 181 3379 A
203 3327 251 3380 aad
273 3342 289 3380 c
311 3342 345 3380 ec
366 3326 378 3379 i
400 3342 469 3382 corr.
490 3327 527 3381 al.
548 3343 622 3380 moa.
649 3325 659 3397 Ν
686 3325 722 3380 26
745 3327 876 3380 scemunt
893 3326 920 3380 L
943 3330 968 3379 et
984 3325 1053 3392 oola.
1071 3339 1104 3376 ee

84 3396 187 3449 uiuunt
206 3398 234 3451 A
259 3395 270 3469 Η
296 3395 332 3451 28
352 3397 408 3466 ipsi
427 3413 456 3451 se
476 3397 559 3451 Gertz
581 3397 657 3465 ipsos
676 3398 705 3451 A
733 3397 742 3470 t
767 3394 1019 3465 epodo„dottm
1039 3391 1129 3453 *W-

82 3465 300 3592 ppgffisnALoe
318 3468 369 3523 liu.
385 3484 453 3524 eras.
470 3468 536 3536 fort.
554 3466 599 3538 103
618 3467 641 3524 d
655 3486 689 3526 cc
701 3471 719 3524 t
732 3471 819 3537 corre
840 3463 950 3532 apetie
971 3473 1048 3514 om
1061 3451 1155 3514 apuu
