2400 3840
115 236 181 303 278
310 231 340 286 L,
356 229 498 285 ANNAEI
517 229 681 286 SENECAE
699 229 794 286 DIAL.
808 228 877 285 LIB.
890 228 938 286 IX.

114 377 173 443 teli
196 376 336 441 ‘nullum
355 397 509 462 magnum
527 375 693 463 ingenium
712 375 781 441 sino
798 374 941 441 mixture
960 375 1147 444 dementiae

114 465 207 531 fuit’.
229 487 297 530 non
319 468 426 549 potest
449 464 570 552 grande
592 463 715 549 aliquid
737 468 771 530 et
789 486 885 550 super
903 468 1033 532 ceteros
1052 469 1146 553 loqui

63 573 95 622 11
115 555 178 621 nisi
207 557 296 619 moto
324 575 422 620 mens
473 576 547 620 cum
577 553 722 640 volgaria
753 558 786 620 et
815 554 911 619 solite
940 557 1145 642 contempsit

115 643 332 727 instinctuque
355 664 446 709 sacro
470 644 607 709 surrexit
630 643 799 728 excelsior,
824 647 904 708 tunc
926 642 1065 711 demum
1088 646 1144 712 sli-

115 733 193 816 qnid
216 733 332 798 cecinit
354 732 506 819 grandius
530 754 584 798 ore
607 733 746 797 mortali.
781 753 849 798 non
870 735 981 817 potest
999 735 1177 801 sublimes

115 821 288 907 quicquam
318 821 386 887 et
377 844 413 886 ιιι
439 822 540 887 arduo
562 822 706 907 positum
728 821 928 909 contingere,
959 844 1063 906 quam
1086 825 1141 890 diu

114 915 194 997 aput
220 932 255 977 se
283 915 345 976 est:
373 911 529 977 desciscat
558 914 687 994 oportet
708 933 728 974 o
750 911 847 976 solito
874 915 908 976 et
929 911 1088 979 efferatur
1110 919 1140 980 et

114 1001 259 1066 mordeat
287 1001 395 1066 frenos
425 1004 458 1065 et
484 1003 641 1065 rectorem
667 999 774 1083 rapiet
799 1021 894 1066 snum
918 1021 1025 1085 eoque
1048 1003 1140 1087 feret,

114 1111 178 1175 quo
202 1111 261 1174 per
283 1111 316 1155 se
338 1089 501 1154 timuisset
523 1089 699 1154 escendere.

62 1196 94 1244 12
202 1178 325 1259 Habes,
353 1177 470 1243 Serene
498 1177 675 1262 carissime,
701 1199 783 1262 ques
805 1177 932 1263 possint
953 1181 1138 1266 tranquilli·
1154 1202 1174 1241 o

112 1271 212 1333 tutem
236 1267 332 1349 tueri,
356 1287 437 1349 quae
459 1267 641 1351 restituere,
670 1289 752 1352 queo
775 1267 1025 1352 subrepentibus
1050 1269 1137 1336 vitiis

112 1356 276 1440 resistent3
309 1355 390 1420 illud
422 1359 530 1420 tamon
564 1356 659 1441 scito,
693 1355 776 1421 nihil
806 1355 923 1421 horum
957 1359 1039 1424 sotis
1070 1381 1138 1426 esse

113 1444 255 1508 validum
289 1466 356 1508 rem
389 1444 573 1509 inbecillum
603 1445 817 1531 servantibus,
851 1445 915 1510 nisi
944 1445 1076 1515 intenta
1107 1453 1137 1515 et

112 1532 246 1598 odsidue
268 1554 345 1598 cura
367 1533 516 1599 circumit
539 1535 681 1599 animum
703 1534 872 1600 lebentem.

201 1708 218 1762 1
247 1708 406 1763 dementiae
433 1708 505 1764 fuit':
538 1726 597 1764 non
622 1711 796 1780 interpunxit
822 1711 945 1781 Psecm'q
973 1711 1137 1771 dementiae

111 1778 184 1834 fuit'.
212 1796 269 1834 non
272 1781 355 1883 οοῖο.
369 1780 379 1853 ll
397 1780 635 1850 4ἰιιιιίιιοιιιιοιιο
649 1782 677 1837 Α
695 1798 764 1837 corr.
778 1783 847 1853 ooly.
860 1781 864 1854 ι
888 1780 1138 1873 tgrendiosorem

111 1851 226 1906 mortali
239 1851 282 1907 A¹
299 1869 368 1908 corr.
385 1852 427 1907 A⁶
438 1852 603 1978 Ἀθοιο
593 1854 662 1924 ooly
682 1853 758 1921 quod
771 1854 799 1908 A
822 1853 833 1926 ιι
914 1855 1031 1924 scriptio
1051 1861 1138 1915 minio

107 1925 187 1992 picto
211 1925 276 1979 haec
301 1930 352 1978 est:
389 1924 419 1978 L
474 1923 603 2048 ὃθιιοοῧ.
645 1924 691 1977 Ad
719 1923 852 1980 Serenum
878 1924 1138 2008 Detrunquillitato

113 1995 202 2048 enimi
221 1995 344 2064 explicit.
363 1994 373 2068 ll
391 1995 495 2065 Incipit
513 1995 558 2048 Ad
600 1994 727 2064 ouljnum
745 1994 788 2050 De
806 1995 947 2050 breuitate
966 1998 1040 2071 uite.
