2400 3840
91 206 156 274 112
293 206 323 260 L.
338 204 480 261 Arium
498 202 664 262 SENECAE
682 204 777 262 mnu.
791 204 859 260 LIB.
872 204 907 261 V.

56 369 70 419 1
179 349 235 418 IV.
279 350 326 416 Vt
356 351 395 417 de
427 351 541 418 ceteris
572 350 705 416 dubium
738 350 792 435 sit,
823 349 906 415 nulli
938 353 1030 416 certe
1064 351 1120 416 ed·

90 440 189 505 foctui
218 440 309 526 peior
337 444 386 506 est
414 441 537 523 vultus,
568 462 664 524 quem
694 442 728 504 iu
755 440 916 525 prioribus
943 439 1041 505 libris
1066 438 1119 506 do

90 529 291 614 scripsimus:
328 550 476 614 asperum
507 533 539 595 et
568 550 673 594 eorem
703 533 735 594 et
763 548 850 594 nunc
877 527 1041 594 subducto
1070 552 1119 595 re·

90 623 213 684 trorsus
250 618 406 705 sunguine
442 618 619 705 fugatoque
656 618 842 702 pellentem,
878 636 967 682 nunc
1005 618 1043 683 in
1081 638 1117 685 os

92 708 180 771 omni
198 709 303 773 calore
322 728 360 773 ec
378 707 494 792 spiritu
512 726 605 773 verso
624 706 899 773 subrubicundum
919 706 1117 773 etsimilem
1145 729 1155 770 1

92 800 237 879 cruento,
269 797 359 862 venis
395 797 608 879 tumentibus,
645 795 747 861 oculis
782 814 870 860 nunc
905 795 1047 880 trepidis
1085 800 1117 862 et

91 885 308 970 exilientibus,
330 904 417 950 nunc
437 885 472 949 in
490 906 555 950 uno
575 885 690 950 obtutu
708 884 821 949 deflxis
840 887 873 949 et
889 883 1116 968 hoerentibus3

54 973 179 1040 codice
211 973 355 1040 dentium
388 975 472 1039 inter
503 996 537 1039 se
569 975 776 1038 arietatorum
805 977 843 1037 ut
869 972 1015 1057 aliquem
1046 994 1115 1040 esse

91 1064 289 1148 cupientium
311 1084 378 1128 non
401 1063 500 1127 elium
524 1083 639 1127 sonum
663 1084 759 1146 quem
783 1065 832 1127 est
854 1061 942 1147 epris
964 1063 1035 1128 telo
1057 1082 1116 1128 suo

90 1152 210 1216 adtritu
242 1151 445 1235 acuentibus;
477 1151 565 1216 edice
597 1151 805 1218 articulorum
836 1150 1013 1236 crepitum,
1040 1172 1115 1218 cum
1132 1173 1154 1214 11

90 1261 124 1305 se
147 1242 236 1324 ipseo
259 1260 373 1304 manus
400 1239 567 1326 frangunt,
591 1244 623 1305 et
645 1241 809 1324 pulsatum
837 1239 966 1324 saepius
989 1244 1116 1325 pectus,

90 1330 250 1393 anhelitus
281 1328 409 1394 crebros
438 1331 622 1412 tractosque
652 1329 747 1393 ultius
777 1328 931 1414 gemitus,
960 1329 1116 1395 inetobile

91 1437 222 1500 corpus,
240 1417 362 1482 incerte
379 1417 478 1481 serbe
496 1417 610 1482 subitis
629 1418 926 1501 exclamationibus,
939 1418 1115 1485 trementis

90 1505 181 1569 lubre
211 1505 435 1588 interdumque
468 1526 640 1590 conpressa
670 1510 703 1571 et
734 1505 840 1570 dirum
871 1505 1028 1590 quiddam
1062 1530 1115 1573 ox·

54 1594 260 1659 usibilentie.
319 1595 473 1680 ferarum,
510 1616 560 1659 me
596 1595 756 1678 hercules,
793 1596 861 1660 sive
897 1594 972 1660 illos
1010 1597 1114 1662 fumes
1130 1616 1151 1658 1(

91 1683 191 1768 agitet
228 1684 295 1748 sivo
327 1683 463 1748 infixum
494 1684 669 1749 visceribus
701 1684 835 1768 ferrum,
867 1684 976 1749 minus
1010 1689 1124 1765 uem,

89 1771 186 1837 facies
223 1776 286 1856 est,
322 1773 418 1836 etiem
455 1794 528 1837 cum
560 1777 745 1837 venatorem
778 1792 872 1837 suum
905 1773 1114 1841 semianimes

89 1882 198 1927 morsu
234 1860 350 1927 ultimo
387 1865 517 1945 petunt,
551 1882 647 1945 quem
678 1861 819 1925 hominis
851 1862 900 1926 ire
931 1862 1114 1949 flagrantis.

89 1972 161 2038 ege,
198 1950 225 2015 si
262 1949 412 2016 exaudire
447 1970 542 2015 voces
574 1970 612 2015 ec
643 1950 747 2014 minoe
778 1954 883 2035 reoet,
916 1952 1030 2034 quelle
1062 1974 1114 2019 ex·

53 2040 264 2105 roemificeti
287 2039 387 2105 enimi
410 2039 509 2103 verbe
532 2039 620 2102 suntl
661 2060 768 2103 nonne
791 2059 943 2105 revocare
966 2062 1004 2107 se
1027 2042 1114 2128 quio
1130 2061 1151 2103 11

56 2138 59 2143 ’
89 2151 150 2210 que
174 2129 213 2192 eb
237 2129 285 2193 ire
307 2128 407 2210 volet,
431 2148 505 2193 oum
528 2127 721 2191 intellexerit
741 2128 832 2192 illem
850 2150 870 2192 u
887 2146 948 2194 suo
967 2130 1114 2215 primum

88 2216 173 2279 melo
197 2216 360 2300 incipere?
395 2237 461 2280 non
483 2216 533 2280 ris
556 2235 633 2301 ergo
654 2215 844 2281 admoneam
862 2238 933 2301 eos,
952 2220 1012 2303 qui
1031 2221 1113 2285 irem

89 2324 214 2368 summe
239 2305 386 2388 potentie
412 2308 561 2369 exercent
588 2308 620 2368 et
647 2308 871 2389 argumentum
897 2306 1021 2373 virium
1049 2308 1115 2375 exi·

89 2395 231 2456 stument
254 2396 286 2456 et
309 2394 343 2456 in
365 2394 491 2478 mugnis
521 2414 657 2478 megnee
684 2393 832 2458 fortunee
858 2394 955 2460 bonis
983 2401 1114 2481 ponunt

88 2483 232 2563 peretum
264 2481 436 2563 ultionem,
468 2503 564 2564 quem
596 2502 663 2546 non
694 2481 736 2545 sit
767 2486 896 2567 potens,
928 2483 1036 2553 immo
1072 2508 1114 2552 ne
1130 2506 1153 2548 rs

53 2582 69 2630 5
88 2568 170 2632 liber
200 2568 328 2652 quidem
357 2569 420 2633 dici
442 2570 546 2651 poscit
567 2570 633 2634 iree
656 2590 732 2634 suec
755 2571 925 2654 captivus?
969 2596 1042 2641 uon
1064 2576 1113 2642 vis

89 2656 292 2740 admoneam,
319 2678 383 2740 quo
412 2656 597 2743 diligentior
619 2658 754 2742 quisque
777 2659 820 2723 sit
842 2663 874 2724 et
897 2660 969 2744 ipse
993 2686 1031 2730 se
1054 2666 1113 2731 cir

89 2746 292 2828 cumspieiet,
314 2745 377 2809 alie
400 2746 499 2810 enimi
522 2748 606 2811 mele
628 2746 668 2810 ed
691 2746 848 2830 pessimos
867 2770 1019 2836 quosque
1043 2774 1114 2838 per-

88 2834 202 2917 tinere,
225 2833 422 2897 iracundiam
447 2834 542 2899 etiam
566 2835 698 2900 eruditis
721 2836 907 2902 hominibus
931 2842 967 2904 et
988 2841 1028 2907 in
1050 2842 1114 2908 elie

88 2922 173 2987 senis
196 2921 362 3005 inrepere?
398 2921 476 2986 edeo
499 2927 536 2986 ut
559 2923 689 3007 quidem
712 2924 929 3008 simplicitatis
950 2927 1114 2997 indicium
1130 2950 1155 2992 11

176 3060 195 3117 4
213 3060 293 3134 iussos
308 3061 349 3115 A⁶
367 3051 449 3130 imics
463 3063 539 3116 ΑΗ
556 3062 567 3135 ΙΙ
586 3064 600 3117 7
620 3063 801 3132 exillsientib3
816 3065 859 3120 A⁵
874 3067 957 3136 (moe.
973 3069 995 3141 l)
1015 3072 1027 3146 ΙΙ
1044 3071 1063 3128 8
1080 3075 1114 3127 ut

87 3133 245 3203 Lepsios&
264 3133 292 3186 A
314 3131 324 3203 ll
346 3131 381 3185 12
401 3131 496 3186 eltiius
515 3134 549 3203 (ti
563 3150 616 3202 per
633 3135 782 3204 lipotwram
800 3137 863 3206 cor.)
881 3154 953 3194 corr.
969 3158 1006 3197 ex
1025 3143 1114 3214 eljtue

86 3208 149 3273 sort.
169 3204 212 3260 Αἱ
233 3203 243 3276 Η
265 3201 301 3256 28
319 3219 370 3270 pro
390 3218 498 3256 summu
516 3203 643 3272 potentie
664 3205 760 3272 Germ
777 3207 892 3273 facilius
910 3218 982 3268 esset
1000 3230 1115 3269 summe

87 3293 137 3344 pro
155 3274 285 3344 potentie
290 3294 301 3340 ;
319 3273 367 3327 sed
383 3274 426 3326 m'l
443 3275 551 3330 videtur
568 3276 731 3330 mutandum
745 3277 794 3344 cfr.
805 3294 827 3332 c.
839 3283 874 3334 13
888 3287 958 3337 cub.
971 3283 1006 3339 in
1020 3302 1043 3341 s.
1053 3288 1114 3358 pot.

87 3347 114 3398 L
141 3346 184 3399 ird
211 3359 349 3400 summum
378 3345 534 3411 potentium
562 3348 692 3400 exercent
717 3348 800 3402 scribi
826 3352 932 3407 mauolt
954 3355 1082 3429 Mudolp
1105 3357 1113 3443 l

88 3416 278 3489 existssiment
296 3415 317 3481 (i
334 3413 396 3468 rod.
411 3429 478 3469 corr.
494 3432 528 3470 ec
544 3419 574 3485 u)
593 3417 621 3471 A
638 3416 649 3488 11
666 3416 702 3470 25
720 3417 812 3485 sitA,
826 3420 1056 3495 (1111111111ρη
1069 3444 1115 3483 sm

86 3501 154 3539 corr,
173 3488 213 3540 Η.
228 3488 255 3542 J.
271 3486 394 3552 Mettium
418 3486 467 3540 boc
491 3487 594 3554 fotrum
617 3502 672 3541 esse
693 3489 764 3543 vidit
783 3489 878 3560 Gertz,
901 3494 979 3552 1111111
996 3514 1057 3556 reon
1075 3506 1116 3557 cet

73 3558 261 3612 necessarium
277 3557 294 3630 ll
309 3555 347 3611 26
367 3557 499 3629 captivus
520 3559 638 3630 Lipsius
657 3560 760 3626 ceptus
776 3560 835 3612 AL
1016 3602 1021 3609 .
