2400 3840
340 663 381 737 E.
407 662 604 736 Annum
632 661 856 737 SENECAE

179 839 655 939 DIALOGORVM
686 839 902 939 LIBER
930 843 1028 944 IV.

496 1014 539 1053 Al)
553 1012 706 1054 novum(

533 1137 583 1191 DE
599 1136 667 1191 IRA

511 1280 633 1321 mun
654 1282 685 1321 ΙΙ.

57 1440 72 1487 ι
181 1422 205 1487 Ι.
250 1421 379 1488 Primus
417 1423 512 1507 liber,
549 1422 690 1508 Novate,
731 1425 954 1511 benigniorem
1000 1431 1123 1500 habuit

92 1512 273 1596 materiem3
299 1512 404 1577 facilis
431 1513 517 1577 enim
544 1513 578 1577 in
602 1513 759 1598 proclivia
781 1515 934 1580 vitiorum
959 1519 1121 1589 desumus

91 1605 149 1666 est.
191 1623 278 1666 nune
300 1601 342 1665 ad
364 1602 498 1666 exiliora
519 1602 710 1667 veniendum
733 1607 795 1687 est3
819 1606 1006 1687 quaerimus
1032 1614 1121 1677 enim

91 1692 140 1755 ira
162 1695 270 1755 utrum
293 1691 413 1756 iudicio
436 1713 478 1754 an
500 1691 612 1774 inpetu
635 1691 781 1775 incipiat,
803 1692 907 1758 idest
923 1699 1043 1765 utrum
1062 1724 1122 1767 sua

91 1785 206 1864 sponte
240 1785 408 1845 moveatur
443 1801 485 1844 en
521 1780 789 1863 quemadmodum
826 1783 994 1870 pleraque,
1036 1811 1120 1875 quae
1147 1808 1158 1849 e

56 1871 175 1935 rintre
201 1892 261 1935 nos
287 1891 352 1935 nen
376 1868 486 1935 inseiis
509 1868 603 1933 nobis
627 1870 782 1934 oriuntur.
827 1870 921 1936 debet
944 1879 1063 1944 eutem
1086 1881 1121 1945 in

90 1961 167 2024 haee
190 1983 224 2024 se
247 1959 414 2024 demittere
438 1958 627 2041 disputatio,
650 1962 687 2022 ut
710 1959 750 2023 ed
772 1959 829 2023 ille
848 1983 978 2046 quoque
996 1968 1120 2034 altiore

90 2050 193 2132 possit
216 2070 382 2133 exurgere:
409 2069 486 2112 nem
508 2051 541 2111 et
563 2048 598 2110 in
620 2069 754 2131 corpore
775 2052 887 2114 nostro
911 2072 987 2117 osse
1010 2058 1119 2123 nervi·

91 2157 153 2220 que
182 2141 214 2201 et
243 2138 384 2220 articuli,
414 2137 616 2200 firmamenta
643 2138 742 2200 totius
771 2141 803 2201 et
829 2139 954 2224 vitalia,
978 2145 1119 2212 minime

91 2226 236 2309 speciosa
253 2226 339 2309 visu,
362 2226 452 2308 prius
472 2225 673 2309 ordinentur,
692 2225 805 2290 deinde
823 2227 915 2312 haee,
933 2251 976 2295 ex
994 2236 1117 2318 quibus
1134 2254 1155 2295 n

91 2315 195 2378 omnis
224 2315 259 2378 in
288 2314 403 2379 faeiem
433 2313 682 2399 adspectumque
711 2314 807 2379 decor
835 2320 897 2401 est3
925 2323 1006 2402 post
1037 2324 1117 2390 haee

91 2403 211 2485 omnia,
231 2403 287 2487 qui
305 2404 443 2467 maxime
463 2403 573 2468 oeulos
592 2404 689 2486 repit,
708 2404 798 2468 eolor
815 2405 950 2471 ultimus
966 2413 1117 2493 perfeeto

54 2505 71 2552 3
90 2493 154 2556 iem
177 2513 311 2576 corpore
334 2491 528 2557 adfunditur.
575 2492 655 2557 iram
684 2494 762 2576 quin
787 2495 908 2577 speeies
932 2496 1049 2566 oblate
1071 2503 1118 2568 in·

90 2581 189 2645 iuriae
212 2585 339 2646 moveat
360 2604 428 2646 non
446 2585 495 2646 est
513 2580 659 2664 dubium3
682 2581 737 2645 sed
754 2585 863 2647 utrum
881 2585 1027 2668 speeiem
1045 2591 1117 2676 ipse

90 2671 199 2734 statim
229 2675 380 2754 sequatur
410 2674 442 2735 et
467 2692 535 2735 non
562 2669 730 2734 eeeedente
753 2671 860 2737 animo
883 2682 1054 2763 excurret,
1077 2703 1117 2745 en
1133 2696 1153 2739 n

53 2771 71 2818 4
90 2760 146 2823 illo
166 2758 362 2824 adsentiente
380 2763 548 2825 moveatur
566 2760 756 2842 quaerimus.
789 2761 884 2826 nobis
902 2762 1013 2846 pleeet
1031 2770 1117 2834 nihil

89 2849 179 2912 illam
197 2870 254 2932 per
273 2871 307 2912 ss
325 2849 440 2913 audere
459 2848 515 2913 sed
531 2849 637 2912 animo
653 2848 862 2935 adprobente3
879 2873 958 2917 nam
971 2859 1116 2939 speeiem

178 3023 244 3078 Ein
262 3022 403 3093 proeljuie
420 3023 556 3078 uitiorum
574 3023 603 3078 A
628 3023 659 3078 in
676 3023 794 3094 proclivi
811 3025 944 3081 vitiorum
963 3031 1092 3105 Madetp
1105 3033 1116 3106 n

87 3095 106 3150 e
127 3112 184 3150 nen
202 3096 315 3161 addidi,
333 3112 368 3150 ne
385 3097 417 3150 in
434 3102 549 3164 utroque
567 3096 733 3163 quaestionis
751 3097 867 3152 mentre
884 3097 958 3154 idern
975 3101 1117 3161 diesem

88 3168 149 3237 (cfr.
163 3184 185 3221 c.
200 3171 227 3234 3,
237 3172 265 3234 4)
269 3188 281 3234 ,·
295 3167 378 3222 Gertz
396 3183 447 3220 sue
466 3173 530 3222 ante
548 3168 648 3234 sponte
666 3167 763 3221 delevit
779 3166 789 3240 tt
809 3168 823 3222 7
843 3168 996 3228 demittere
1009 3175 1056 3231 A·
1073 3176 1116 3231 di.

87 3240 200 3293 mittere
214 3238 257 3295 A¹
277 3238 281 3310 i
301 3237 354 3292 ille
368 3239 396 3293 A
415 3239 472 3292 elie
492 3239 534 3293 W.
547 3237 652 3292 Gemoll
671 3236 682 3310 tl
703 3236 830 3307 Spernit
847 3252 866 3293 ς
882 3246 910 3296 et
925 3242 998 3314 0019.

88 3310 115 3365 A
133 3310 143 3382 tt
160 3311 178 3364 9
195 3309 296 3365 vitalia
314 3310 471 3366 Pincianus
487 3311 521 3364 ut
541 3307 599 3362 elie
612 3310 641 3363 A
657 3307 667 3380 ii
690 3309 724 3363 11
744 3309 795 3364 eds
833 3312 968 3381 utumque
981 3316 1012 3372 A
1046 3334 1115 3375 een.

88 3384 120 3434 in
138 3383 340 3508 appeetumque
358 3381 401 3436 A⁶
418 3382 449 3436 in
466 3380 541 3436 fecie
560 3381 732 3450 aspectuque
751 3393 769 3435 ς
789 3381 793 3454 t
824 3381 860 3437 14
881 3383 946 3453 ipen
967 3384 1055 3445 Gom
1072 3390 1115 3462 ip-

79 3468 141 3504 sem
