2400 3840
117 197 180 263 126
316 192 346 249 L.
360 192 504 247 ANNAEI
521 191 686 248 SENECAE
704 193 800 248 DIAL.
814 192 881 246 LIB.
895 191 930 248 V.

114 339 263 424 tinentia,
281 339 392 404 utilior
410 342 459 403 est
476 338 619 424 regibus:
642 338 806 421 perierunt
824 338 945 421 omnia,
964 338 1021 402 ubi
1036 359 1137 422 quan·

114 432 185 492 turn
207 429 256 492 ira
278 426 391 493 suadet
412 428 543 492 fortuna
563 427 736 511 permittit,
761 448 822 494 neo
844 427 900 491 diu
921 431 1030 510 potest
1053 449 1135 512 quae

115 518 292 583 multorum
324 517 410 581 malo
443 519 608 582 exercetur
633 516 780 600 potentia
808 519 906 600 stare,
932 516 1136 601 periclitatur

115 606 215 689 enim,
237 606 293 670 ubi
311 628 381 689 eos,
399 606 455 690 qui
473 606 645 690 separatim
664 608 810 690 gemunt,
828 606 1010 671 eommunis
1028 610 1135 672 metus

115 696 228 759 iunxit.
287 695 458 779 plerosque
492 695 601 778 itaque
625 693 722 759 modo
753 694 874 779 singuli
902 698 1136 779 mactaverunt,
1163 715 1175 755 s

115 785 211 848 modo
234 785 389 867 universi,
421 806 496 849 oum
525 783 600 848 illos
626 783 772 848 conferre
799 783 834 846 in
860 804 962 847 unum
989 784 1055 849 iras
1077 805 1136 868 pu·

80 873 219 938 ablieus
247 873 340 939 dolor
366 874 533 958 coegisset.
580 872 670 955 atqui
696 871 842 956 plerique
867 872 914 937 sie
937 873 1019 937 iram
1043 874 1136 956 quasi

115 963 241 1048 insigne
263 963 389 1048 regium
413 965 635 1042 exercuerunt,
658 960 743 1026 siout
764 959 901 1044 Dareus,
931 960 988 1044 qui
1010 962 1135 1045 primus

114 1055 190 1136 post
207 1051 350 1116 ablutum
364 1072 460 1136 mago
476 1051 648 1132 imperium
662 1048 775 1115 Perses
794 1053 827 1114 et
839 1071 992 1134 magnam
1009 1055 1136 1133 partem

116 1141 248 1205 orientis
272 1140 420 1205 obtinuit.
466 1161 542 1203 nam
565 1160 639 1204 oum
663 1139 785 1203 bellum
808 1135 938 1223 Soytbis
966 1139 1137 1206 indixisset
1153 1160 1176 1200 ro

116 1231 272 1294 orientem
295 1227 515 1312 cingentibus,
537 1231 670 1312 rogatus
693 1227 733 1292 ab
755 1225 903 1292 Oeobazo
924 1227 1029 1293 nobili
1052 1251 1136 1312 sene,

115 1323 152 1382 ut
170 1341 210 1382 ex
228 1317 331 1382 tribus
348 1316 458 1381 liberis
477 1338 577 1380 unum
597 1317 631 1380 in
653 1316 809 1381 solacium
828 1317 913 1400 patri
929 1316 1137 1400 relinqueret,

115 1407 252 1470 duorum
281 1427 378 1489 opera
400 1408 557 1488 uteretur,
583 1405 658 1488 plus
685 1425 783 1488 quam
809 1405 984 1491 rogabatur
1009 1407 1137 1489 pollici·

114 1498 167 1560 tus
198 1495 303 1560 omnis
332 1516 365 1559 se
392 1494 442 1558 illi
469 1493 552 1557 dixit
569 1494 778 1559 remissurum
801 1498 834 1557 et
856 1494 980 1561 oooisos
1002 1495 1039 1560 in
1062 1518 1138 1562 oon·

116 1587 228 1667 speetu
250 1583 392 1666 parentis
415 1583 545 1664 abieoit,
571 1582 709 1648 omdelis
732 1582 875 1666 futurus,
902 1584 930 1648 si
953 1585 1060 1650 omnis
1084 1586 1138 1649 ab
1153 1603 1176 1644 rs

79 1673 266 1738 4duxisset.
303 1675 337 1736 at
367 1675 487 1755 quanto
509 1671 626 1737 Xerses
648 1671 787 1737 faeiliorl
826 1672 884 1756 qui
901 1670 1020 1756 Pythio
1045 1674 1138 1757 quin·

116 1784 178 1845 que
200 1762 342 1826 filiorum
361 1762 447 1845 patri
464 1761 560 1826 unius
578 1762 779 1826 vacationem
797 1762 934 1844 petenti,
956 1782 1053 1845 quem
1072 1764 1137 1828 vel·

114 1852 161 1917 let
192 1852 309 1937 eligere
338 1851 499 1935 permisit,
530 1850 644 1915 deinde
676 1869 771 1933 quem
799 1850 939 1935 elegerat
965 1851 1002 1914 in
1027 1856 1136 1935 partes

115 1941 193 2007 duas
221 1941 411 2006 disbaotum
440 1940 480 2004 ab
512 1944 650 2023 utroque
672 1940 743 2003 viae
764 1939 864 2003 latere
886 1940 998 2023 posuit
1020 1940 1137 2006 etheo

113 2031 246 2096 viotima
274 2030 425 2095 lustravit
454 2029 637 2094 exereitum.
687 2027 801 2092 habuit
827 2027 936 2112 itaque
963 2049 1061 2112 quem
1084 2029 1137 2095 de
1154 2050 1177 2090 so

114 2119 185 2183 buit
208 2120 344 2183 exitum:
367 2119 472 2182 vietus
495 2121 528 2181 et
549 2118 614 2181 late
642 2118 804 2201 longeque
826 2117 917 2182 fusus
940 2138 979 2182 ao
1001 2121 1137 2184 suetam

114 2208 234 2290 ubique
256 2208 383 2270 ruinam
407 2226 498 2271 suam
526 2227 657 2270 oernens
680 2205 804 2271 medius
822 2206 906 2269 inter
929 2228 1063 2272 suorum
1086 2229 1138 2274 oa·

115 2295 231 2359 davere
253 2296 394 2363 inoessit.

81 2417 96 2466 1
204 2399 306 2465 XVII.
343 2400 432 2465 Haeo
461 2399 604 2464 barbaris
634 2400 762 2484 regibus
792 2401 901 2466 feritas
931 2403 967 2466 in
992 2403 1043 2467 ira
1064 2403 1139 2487 fuit,

116 2511 197 2573 quos
219 2490 311 2553 nulla
333 2488 485 2572 eruditio,
509 2489 619 2552 nullus
640 2488 822 2554 litterarum
845 2490 952 2556 uultus
974 2491 1137 2558 inbuerat:
1155 2511 1179 2555 a

116 2579 198 2643 dabo
226 2578 287 2642 tibi
319 2600 359 2642 ex
380 2576 565 2642 Aristotelis
593 2577 667 2642 sinu
689 2600 797 2663 regem
820 2576 1055 2665 Alexandrum,
1081 2583 1138 2665 qui

205 2769 221 2822 1
248 2770 440 2838 quamtumira
463 2777 497 2826 ut
519 2770 574 2824 oid.
596 2770 646 2838 ΑΙ,
668 2787 736 2825 corr.
756 2771 798 2826 Αὕ
822 2771 825 2844 l
856 2772 874 2826 ὅ
895 2775 1097 2829 maotauerunt
1110 2776 1138 2830 A

115 2845 143 2909 (e
160 2857 228 2895 corr.
246 2857 281 2895 ex
298 2845 346 2911 gl)
363 2840 374 2914 ll
391 2841 426 2895 ll
446 2839 483 2894 ab
500 2839 628 2896 Oeobazo
642 2842 758 2910 Labotas
773 2860 807 2898 err
853 2845 953 2900 erodet.
971 2845 1070 2901 1784
1088 2845 1139 2900 ab·

116 2911 236 2966 orobauo
257 2913 301 2979 A,·
325 2919 441 2967 ceteram
462 2914 555 2980 ipsam
574 2913 704 2968 Senecam
726 2929 818 2969 errare
837 2916 960 2983 potuisse
976 2918 1010 2970 ἐπ
1026 2920 1139 2972 nomiae

115 2989 186 3039 recte
203 2984 320 3038 adnotat
338 2983 421 3039 Gertz
439 2982 450 3055 ll
472 2982 508 3037 1o
524 2981 625 3038 Xerses
639 2985 680 3052 A,
698 3001 768 3053 qaue
785 2985 878 3052 foma
894 2988 1016 3042 mininis
1029 2991 1140 3057 param

116 3125 280 3263 dbddddb
303 3196 364 3251 uuo
371 3127 476 3280 blaage
494 3197 537 3251 Ar
558 3197 603 3251 vro
614 3169 653 3252 'a
669 3214 756 3281 mara
773 3143 857 3282 ffb
868 3198 905 3254 ao
923 3200 1054 3256 mate
1074 3203 1140 3256 sau

116 3266 496 3406 effidemgfflt
509 3268 853 3396 mametis
864 3272 1141 3399 sattim

117 3410 239 3492 enricum
257 3409 677 3494 suum·elitum·iutere„putas
696 3411 805 3481 (epulas
823 3383 893 3469 door
907 3431 943 3469 m.
956 3416 985 3484 5)
1000 3416 1140 3474 occidisse

116 3497 165 3546 qur
184 3483 214 3534 et
231 3480 440 3566 condiscipulus
458 3480 503 3536 1111
520 3481 588 3566 furta
610 3482 662 3537 del.
678 3483 750 3540 bauo
766 3490 861 3540 notam
878 3487 1062 3556 marginalem
1079 3489 1140 3546 eod.

101 3551 249 3620 archetype
266 3551 328 3620 A¹,·
345 3571 378 3610 m
395 3554 424 3611 L
442 3570 501 3612 non
519 3553 621 3627 ledetur
