<?xml version="1.0" encoding="UTF-8"?>
<!DOCTYPE html PUBLIC "-//W3C//DTD XHTML 1.0 Transitional//EN"
    "http://www.w3.org/TR/xhtml1/DTD/xhtml1-transitional.dtd">
<html xmlns="http://www.w3.org/1999/xhtml" xml:lang="en" lang="en">
 <head>
  <title>
</title>
<meta http-equiv="Content-Type" content="text/html;charset=utf-8" />
  <meta name='ocr-system' content='tesseract 3.04.00' />
  <meta name='ocr-capabilities' content='ocr_page ocr_carea ocr_par ocr_line ocrx_word'/>
</head>
<body>
  <div class='ocr_page' id='page_1' title='image "./dialogorumlibro00senegoog_0307.png"; bbox 0 0 2400 3840; ppageno 0'>
   <div class='ocr_carea' id='block_1_1' title="bbox 107 179 923 252">
    <p class='ocr_par' dir='ltr' id='par_1_1' title="bbox 107 179 923 252">
     <span class='ocr_line' id='line_1_1' title="bbox 107 179 923 252; baseline -0.005 -13"><span class='ocrx_word' id='word_1_1' title='bbox 107 185 173 252; x_wconf 77' lang='grc'><strong>282</strong></span> <span class='ocrx_word' id='word_1_2' title='bbox 311 182 341 236; x_wconf 92' lang='lat' dir='ltr'><strong>L.</strong></span> <span class='ocrx_word' id='word_1_3' title='bbox 355 180 498 235; x_wconf 86' lang='lat' dir='ltr'><strong>ANNAEI</strong></span> <span class='ocrx_word' id='word_1_4' title='bbox 516 179 680 236; x_wconf 84' lang='lat' dir='ltr'>SENECAE</span> <span class='ocrx_word' id='word_1_5' title='bbox 699 180 794 238; x_wconf 79' lang='lat' dir='ltr'><strong><em>DIAL.</em></strong></span> <span class='ocrx_word' id='word_1_6' title='bbox 808 180 876 236; x_wconf 85' lang='lat' dir='ltr'><strong>LIB.</strong></span> <span class='ocrx_word' id='word_1_7' title='bbox 890 180 923 235; x_wconf 90' lang='lat' dir='ltr'><strong>X.</strong></span> 
     </span>
    </p>
   </div>
   <div class='ocr_carea' id='block_1_2' title="bbox 72 326 1131 678">
    <p class='ocr_par' dir='ltr' id='par_1_2' title="bbox 72 326 1131 678">
     <span class='ocr_line' id='line_1_2' title="bbox 107 326 1130 412; baseline 0.002 -19"><span class='ocrx_word' id='word_1_8' title='bbox 107 327 188 411; x_wconf 92' lang='lat' dir='ltr'><strong>istis,</strong></span> <span class='ocrx_word' id='word_1_9' title='bbox 206 349 343 412; x_wconf 89' lang='lat' dir='ltr'><strong>quorum</strong></span> <span class='ocrx_word' id='word_1_10' title='bbox 356 327 489 392; x_wconf 82' lang='lat' dir='ltr'><strong>nomine</strong></span> <span class='ocrx_word' id='word_1_11' title='bbox 502 326 695 410; x_wconf 91' lang='lat' dir='ltr'><strong>ediscuntur,</strong></span> <span class='ocrx_word' id='word_1_12' title='bbox 712 327 764 390; x_wconf 91' lang='lat' dir='ltr'><strong>his</strong></span> <span class='ocrx_word' id='word_1_13' title='bbox 778 327 852 393; x_wconf 85' lang='lat' dir='ltr'><strong>illos</strong></span> <span class='ocrx_word' id='word_1_14' title='bbox 866 326 991 394; x_wconf 88' lang='lat' dir='ltr'><strong>dinosci</strong></span> <span class='ocrx_word' id='word_1_15' title='bbox 1003 326 1130 395; x_wconf 80' lang='lat' dir='ltr'><strong>videbis</strong></span> 
     </span>
     <span class='ocr_line' id='line_1_3' title="bbox 106 415 1129 499; baseline 0.001 -17"><span class='ocrx_word' id='word_1_16' title='bbox 106 416 206 482; x_wconf 87' lang='lat' dir='ltr'><strong>notis:</strong></span> <span class='ocrx_word' id='word_1_17' title='bbox 236 417 292 481; x_wconf 82' lang='lat' dir='ltr'><strong>iile</strong></span> <span class='ocrx_word' id='word_1_18' title='bbox 314 416 402 481; x_wconf 90' lang='lat' dir='ltr'><strong>illius</strong></span> <span class='ocrx_word' id='word_1_19' title='bbox 425 417 531 481; x_wconf 88' lang='lat' dir='ltr'><strong>cultor</strong></span> <span class='ocrx_word' id='word_1_20' title='bbox 554 418 617 499; x_wconf 90' lang='lat' dir='ltr'><strong>est,</strong></span> <span class='ocrx_word' id='word_1_21' title='bbox 644 415 698 480; x_wconf 90' lang='lat' dir='ltr'><strong>hic</strong></span> <span class='ocrx_word' id='word_1_22' title='bbox 721 416 822 499; x_wconf 70' lang='lat' dir='ltr'><strong>illius,</strong></span> <span class='ocrx_word' id='word_1_23' title='bbox 850 437 927 482; x_wconf 91' lang='lat' dir='ltr'><strong>suus</strong></span> <span class='ocrx_word' id='word_1_24' title='bbox 949 439 1046 482; x_wconf 89' lang='lat' dir='ltr'><strong>nemo</strong></span> <span class='ocrx_word' id='word_1_25' title='bbox 1072 422 1129 483; x_wconf 92' lang='lat' dir='ltr'><strong>est.</strong></span> 
     </span>
     <span class='ocr_line' id='line_1_4' title="bbox 72 504 1131 590; baseline 0.001 -19"><span class='ocrx_word' id='word_1_26' title='bbox 72 505 222 571; x_wconf 79' lang='lat' dir='ltr'><strong>odeinde</strong></span> <span class='ocrx_word' id='word_1_27' title='bbox 252 505 492 570; x_wconf 80' lang='lat' dir='ltr'><strong>dementissime</strong></span> <span class='ocrx_word' id='word_1_28' title='bbox 524 504 725 589; x_wconf 84' lang='lat' dir='ltr'><strong>quorundam</strong></span> <span class='ocrx_word' id='word_1_29' title='bbox 753 505 933 590; x_wconf 77' lang='lat' dir='ltr'><strong>indignatio</strong></span> <span class='ocrx_word' id='word_1_30' title='bbox 957 509 1020 571; x_wconf 84' lang='lat' dir='ltr'><strong>cst:</strong></span> <span class='ocrx_word' id='word_1_31' title='bbox 1053 528 1131 589; x_wconf 89' lang='lat' dir='ltr'><strong>que-</strong></span> 
     </span>
     <span class='ocr_line' id='line_1_5' title="bbox 106 593 1130 678; baseline 0.003 -20"><span class='ocrx_word' id='word_1_32' title='bbox 106 597 223 660; x_wconf 87' lang='lat' dir='ltr'><strong>runtur</strong></span> <span class='ocrx_word' id='word_1_33' title='bbox 236 594 275 659; x_wconf 90' lang='lat' dir='ltr'><strong>de</strong></span> <span class='ocrx_word' id='word_1_34' title='bbox 289 595 490 678; x_wconf 84' lang='lat' dir='ltr'><strong>superiorum</strong></span> <span class='ocrx_word' id='word_1_35' title='bbox 503 593 645 677; x_wconf 85' lang='lat' dir='ltr'><strong>fastidio,</strong></span> <span class='ocrx_word' id='word_1_36' title='bbox 659 594 745 678; x_wconf 92' lang='lat' dir='ltr'><strong>quod</strong></span> <span class='ocrx_word' id='word_1_37' title='bbox 758 593 838 678; x_wconf 86' lang='lat' dir='ltr'><strong>ipsis</strong></span> <span class='ocrx_word' id='word_1_38' title='bbox 848 594 935 659; x_wconf 82' lang='lat' dir='ltr'><strong>adire</strong></span> <span class='ocrx_word' id='word_1_39' title='bbox 944 595 1130 661; x_wconf 84' lang='lat' dir='ltr'><strong>volentibus</strong></span> 
     </span>
    </p>
   </div>
   <div class='ocr_carea' id='block_1_3' title="bbox 70 682 1173 2906">
    <p class='ocr_par' dir='ltr' id='par_1_3' title="bbox 105 682 1173 1390">
     <span class='ocr_line' id='line_1_6' title="bbox 107 682 1172 768; baseline -0.002 -21"><span class='ocrx_word' id='word_1_40' title='bbox 107 705 174 747; x_wconf 90' lang='lat' dir='ltr'><strong>nou</strong></span> <span class='ocrx_word' id='word_1_41' title='bbox 202 683 399 748; x_wconf 73' lang='lat' dir='ltr'><strong>vacaverint!</strong></span> <span class='ocrx_word' id='word_1_42' title='bbox 444 684 541 748; x_wconf 80' lang='lat' dir='ltr'><strong>audet</strong></span> <span class='ocrx_word' id='word_1_43' title='bbox 564 684 735 767; x_wconf 85' lang='lat' dir='ltr'><strong>quisquam</strong></span> <span class='ocrx_word' id='word_1_44' title='bbox 758 682 797 747; x_wconf 89' lang='lat' dir='ltr'><strong>de</strong></span> <span class='ocrx_word' id='word_1_45' title='bbox 820 684 952 749; x_wconf 77' lang='lat' dir='ltr'><strong>ulterius</strong></span> <span class='ocrx_word' id='word_1_46' title='bbox 976 685 1132 768; x_wconf 82' lang='lat' dir='ltr'><strong>superbie</strong></span> <span class='ocrx_word' id='word_1_47' title='bbox 1161 705 1172 745; x_wconf 77' lang='lat' dir='ltr'><strong>s</strong></span> 
     </span>
     <span class='ocr_line' id='line_1_7' title="bbox 107 771 1130 858; baseline 0.002 -21"><span class='ocrx_word' id='word_1_48' title='bbox 107 772 212 856; x_wconf 88' lang='lat' dir='ltr'><strong>queri,</strong></span> <span class='ocrx_word' id='word_1_49' title='bbox 242 772 299 856; x_wconf 91' lang='lat' dir='ltr'><strong>qui</strong></span> <span class='ocrx_word' id='word_1_50' title='bbox 330 773 393 837; x_wconf 85' lang='lat' dir='ltr'><strong>sibi</strong></span> <span class='ocrx_word' id='word_1_51' title='bbox 423 772 493 857; x_wconf 90' lang='lat' dir='ltr'><strong>ipse</strong></span> <span class='ocrx_word' id='word_1_52' title='bbox 521 793 687 855; x_wconf 82' lang='lat' dir='ltr'><strong>nunquam</strong></span> <span class='ocrx_word' id='word_1_53' title='bbox 716 771 831 838; x_wconf 82' lang='lat' dir='ltr'><strong>vacat?</strong></span> <span class='ocrx_word' id='word_1_54' title='bbox 876 773 931 838; x_wconf 87' lang='lat' dir='ltr'><strong>ille</strong></span> <span class='ocrx_word' id='word_1_55' title='bbox 954 776 1066 838; x_wconf 81' lang='lat' dir='ltr'><strong>tomen</strong></span> <span class='ocrx_word' id='word_1_56' title='bbox 1088 777 1130 858; x_wconf 89' lang='lat' dir='ltr'><strong>te,</strong></span> 
     </span>
     <span class='ocr_line' id='line_1_8' title="bbox 108 860 1131 947; baseline 0.001 -21"><span class='ocrx_word' id='word_1_57' title='bbox 108 862 253 946; x_wconf 89' lang='lat' dir='ltr'><strong>quisquis</strong></span> <span class='ocrx_word' id='word_1_58' title='bbox 263 884 306 945; x_wconf 88' lang='lat' dir='ltr'><strong>es,</strong></span> <span class='ocrx_word' id='word_1_59' title='bbox 316 862 468 927; x_wconf 76' lang='lat' dir='ltr'><strong>insolenti</strong></span> <span class='ocrx_word' id='word_1_60' title='bbox 478 862 607 945; x_wconf 90' lang='lat' dir='ltr'><strong>quidem</strong></span> <span class='ocrx_word' id='word_1_61' title='bbox 621 862 714 926; x_wconf 80' lang='lat' dir='ltr'><strong>vultu</strong></span> <span class='ocrx_word' id='word_1_62' title='bbox 728 861 784 926; x_wconf 94' lang='lat' dir='ltr'><strong>sed</strong></span> <span class='ocrx_word' id='word_1_63' title='bbox 795 860 967 944; x_wconf 81' lang='lat' dir='ltr'><strong>aliquando</strong></span> <span class='ocrx_word' id='word_1_64' title='bbox 976 863 1131 947; x_wconf 78' lang='lat' dir='ltr'><strong>respexit,</strong></span> 
     </span>
     <span class='ocr_line' id='line_1_9' title="bbox 106 949 1130 1033; baseline 0.003 -19"><span class='ocrx_word' id='word_1_65' title='bbox 106 951 162 1015; x_wconf 92' lang='lat' dir='ltr'><strong>ille</strong></span> <span class='ocrx_word' id='word_1_66' title='bbox 177 972 269 1016; x_wconf 82' lang='lat' dir='ltr'><strong>eures</strong></span> <span class='ocrx_word' id='word_1_67' title='bbox 284 972 357 1016; x_wconf 82' lang='lat' dir='ltr'><strong>sues</strong></span> <span class='ocrx_word' id='word_1_68' title='bbox 372 951 413 1016; x_wconf 81' lang='lat' dir='ltr'><strong>ad</strong></span> <span class='ocrx_word' id='word_1_69' title='bbox 425 954 483 1015; x_wconf 81' lang='lat' dir='ltr'><strong>tue</strong></span> <span class='ocrx_word' id='word_1_70' title='bbox 495 950 593 1015; x_wconf 83' lang='lat' dir='ltr'><strong>verbe</strong></span> <span class='ocrx_word' id='word_1_71' title='bbox 607 949 744 1033; x_wconf 89' lang='lat' dir='ltr'><strong>demisit,</strong></span> <span class='ocrx_word' id='word_1_72' title='bbox 762 950 818 1015; x_wconf 82' lang='lat' dir='ltr'><strong>iile</strong></span> <span class='ocrx_word' id='word_1_73' title='bbox 831 954 864 1015; x_wconf 88' lang='lat' dir='ltr'><strong>te</strong></span> <span class='ocrx_word' id='word_1_74' title='bbox 878 951 918 1015; x_wconf 81' lang='lat' dir='ltr'><strong>ad</strong></span> <span class='ocrx_word' id='word_1_75' title='bbox 931 951 1017 1016; x_wconf 82' lang='lat' dir='ltr'><strong>lctus</strong></span> <span class='ocrx_word' id='word_1_76' title='bbox 1032 973 1130 1017; x_wconf 88' lang='lat' dir='ltr'><strong>sunm</strong></span> 
     </span>
     <span class='ocr_line' id='line_1_10' title="bbox 105 1040 1130 1130; baseline 0 -25"><span class='ocrx_word' id='word_1_77' title='bbox 105 1041 241 1124; x_wconf 90' lang='lat' dir='ltr'><strong>recepit:</strong></span> <span class='ocrx_word' id='word_1_78' title='bbox 264 1043 300 1103; x_wconf 92' lang='lat' dir='ltr'><strong>tu</strong></span> <span class='ocrx_word' id='word_1_79' title='bbox 322 1061 389 1105; x_wconf 88' lang='lat' dir='ltr'><strong>non</strong></span> <span class='ocrx_word' id='word_1_80' title='bbox 412 1041 570 1124; x_wconf 82' lang='lat' dir='ltr'><strong>inspicere</strong></span> <span class='ocrx_word' id='word_1_81' title='bbox 593 1042 625 1103; x_wconf 93' lang='lat' dir='ltr'><strong>te</strong></span> <span class='ocrx_word' id='word_1_82' title='bbox 648 1061 817 1130; x_wconf 82' lang='lat' dir='ltr'><strong>umquam,</strong></span> <span class='ocrx_word' id='word_1_83' title='bbox 839 1062 907 1104; x_wconf 91' lang='lat' dir='ltr'><strong>nou</strong></span> <span class='ocrx_word' id='word_1_84' title='bbox 928 1040 1040 1105; x_wconf 84' lang='lat' dir='ltr'><strong>audire</strong></span> <span class='ocrx_word' id='word_1_85' title='bbox 1060 1041 1130 1127; x_wconf 83' lang='lat' dir='ltr'><strong>dig·</strong></span> 
     </span>
     <span class='ocr_line' id='line_1_11' title="bbox 105 1127 1173 1213; baseline -0.004 -20"><span class='ocrx_word' id='word_1_86' title='bbox 105 1133 200 1194; x_wconf 83' lang='lat' dir='ltr'><strong>nutus</strong></span> <span class='ocrx_word' id='word_1_87' title='bbox 231 1151 272 1194; x_wconf 91' lang='lat' dir='ltr'><strong>es.</strong></span> <span class='ocrx_word' id='word_1_88' title='bbox 298 1135 385 1193; x_wconf 86' lang='lat' dir='ltr'><strong>¹non</strong></span> <span class='ocrx_word' id='word_1_89' title='bbox 413 1133 461 1194; x_wconf 90' lang='lat' dir='ltr'><strong>est</strong></span> <span class='ocrx_word' id='word_1_90' title='bbox 488 1129 613 1212; x_wconf 86' lang='lat' dir='ltr'><strong>itaque,</strong></span> <span class='ocrx_word' id='word_1_91' title='bbox 641 1129 728 1211; x_wconf 92' lang='lat' dir='ltr'><strong>quod</strong></span> <span class='ocrx_word' id='word_1_92' title='bbox 754 1129 817 1194; x_wconf 85' lang='lat' dir='ltr'><strong>istc</strong></span> <span class='ocrx_word' id='word_1_93' title='bbox 844 1127 953 1193; x_wconf 79' lang='lat' dir='ltr'><strong>officia</strong></span> <span class='ocrx_word' id='word_1_94' title='bbox 974 1130 1130 1213; x_wconf 82' lang='lat' dir='ltr'><strong>cuiquam</strong></span> <span class='ocrx_word' id='word_1_95' title='bbox 1148 1152 1173 1190; x_wconf 84' lang='lat' dir='ltr'><strong>ro</strong></span> 
     </span>
     <span class='ocr_line' id='line_1_12' title="bbox 106 1217 1131 1302; baseline 0.003 -20"><span class='ocrx_word' id='word_1_96' title='bbox 106 1219 260 1302; x_wconf 88' lang='lat' dir='ltr'><strong>imputes,</strong></span> <span class='ocrx_word' id='word_1_97' title='bbox 283 1218 435 1302; x_wconf 80' lang='lat' dir='ltr'><strong>quoniam</strong></span> <span class='ocrx_word' id='word_1_98' title='bbox 459 1217 600 1300; x_wconf 89' lang='lat' dir='ltr'><strong>quidem,</strong></span> <span class='ocrx_word' id='word_1_99' title='bbox 631 1238 704 1282; x_wconf 93' lang='lat' dir='ltr'><strong>cum</strong></span> <span class='ocrx_word' id='word_1_100' title='bbox 728 1218 785 1282; x_wconf 86' lang='lat' dir='ltr'><strong>ilia</strong></span> <span class='ocrx_word' id='word_1_101' title='bbox 806 1217 941 1301; x_wconf 77' lang='lat' dir='ltr'><strong>faceres,</strong></span> <span class='ocrx_word' id='word_1_102' title='bbox 967 1239 1035 1283; x_wconf 91' lang='lat' dir='ltr'><strong>non</strong></span> <span class='ocrx_word' id='word_1_103' title='bbox 1060 1242 1131 1285; x_wconf 88' lang='lat' dir='ltr'><strong>esse</strong></span> 
     </span>
     <span class='ocr_line' id='line_1_13' title="bbox 105 1305 983 1390; baseline -0.001 -18"><span class='ocrx_word' id='word_1_104' title='bbox 105 1329 180 1372; x_wconf 90' lang='lat' dir='ltr'><strong>cum</strong></span> <span class='ocrx_word' id='word_1_105' title='bbox 204 1307 268 1370; x_wconf 79' lang='lat' dir='ltr'><strong>elio</strong></span> <span class='ocrx_word' id='word_1_106' title='bbox 292 1307 435 1386; x_wconf 83' lang='lat' dir='ltr'><strong>volebas,</strong></span> <span class='ocrx_word' id='word_1_107' title='bbox 459 1305 515 1370; x_wconf 90' lang='lat' dir='ltr'><strong>sed</strong></span> <span class='ocrx_word' id='word_1_108' title='bbox 536 1309 643 1371; x_wconf 88' lang='lat' dir='ltr'><strong>tecum</strong></span> <span class='ocrx_word' id='word_1_109' title='bbox 666 1328 735 1372; x_wconf 89' lang='lat' dir='ltr'><strong>esse</strong></span> <span class='ocrx_word' id='word_1_110' title='bbox 757 1329 825 1371; x_wconf 92' lang='lat' dir='ltr'><strong>non</strong></span> <span class='ocrx_word' id='word_1_111' title='bbox 846 1310 983 1390; x_wconf 85' lang='lat' dir='ltr'><strong>poteras.</strong></span> 
     </span>
    </p>

    <p class='ocr_par' dir='ltr' id='par_1_4' title="bbox 72 1393 1173 2287">
     <span class='ocr_line' id='line_1_14' title="bbox 72 1393 1131 1482; baseline 0.003 -23"><span class='ocrx_word' id='word_1_112' title='bbox 72 1413 86 1459; x_wconf 95' lang='lat'>1</span> <span class='ocrx_word' id='word_1_113' title='bbox 195 1393 251 1459; x_wconf 91' lang='grc' dir='ltr'><strong>ΠΙ.</strong></span> <span class='ocrx_word' id='word_1_114' title='bbox 288 1393 405 1459; x_wconf 84' lang='lat' dir='ltr'><strong>Omnia</strong></span> <span class='ocrx_word' id='word_1_115' title='bbox 427 1395 516 1477; x_wconf 92' lang='lat' dir='ltr'><strong>licet,</strong></span> <span class='ocrx_word' id='word_1_116' title='bbox 540 1416 621 1477; x_wconf 83' lang='lat' dir='ltr'><strong>quae</strong></span> <span class='ocrx_word' id='word_1_117' title='bbox 644 1417 786 1479; x_wconf 83' lang='lat' dir='ltr'><strong>unquam</strong></span> <span class='ocrx_word' id='word_1_118' title='bbox 811 1396 940 1482; x_wconf 82' lang='lat' dir='ltr'><strong>ingenie</strong></span> <span class='ocrx_word' id='word_1_119' title='bbox 957 1395 1131 1481; x_wconf 80' lang='lat' dir='ltr'><strong>fulserunt,</strong></span> 
     </span>
     <span class='ocr_line' id='line_1_15' title="bbox 106 1483 1130 1568; baseline 0.004 -21"><span class='ocrx_word' id='word_1_120' title='bbox 106 1485 140 1547; x_wconf 92' lang='lat' dir='ltr'><strong>in</strong></span> <span class='ocrx_word' id='word_1_121' title='bbox 167 1483 230 1548; x_wconf 92' lang='lat' dir='ltr'><strong>hoc</strong></span> <span class='ocrx_word' id='word_1_122' title='bbox 252 1505 353 1548; x_wconf 91' lang='lat' dir='ltr'><strong>unum</strong></span> <span class='ocrx_word' id='word_1_123' title='bbox 376 1484 592 1568; x_wconf 78' lang='lat' dir='ltr'><strong>consentiant,</strong></span> <span class='ocrx_word' id='word_1_124' title='bbox 620 1506 787 1567; x_wconf 85' lang='lat' dir='ltr'><strong>nunquam</strong></span> <span class='ocrx_word' id='word_1_125' title='bbox 810 1485 886 1551; x_wconf 84' lang='lat' dir='ltr'><strong>sctis</strong></span> <span class='ocrx_word' id='word_1_126' title='bbox 909 1485 994 1550; x_wconf 83' lang='lat' dir='ltr'><strong>hunc</strong></span> <span class='ocrx_word' id='word_1_127' title='bbox 1016 1486 1130 1551; x_wconf 82' lang='lat' dir='ltr'><strong>huma-</strong></span> 
     </span>
     <span class='ocr_line' id='line_1_16' title="bbox 105 1573 1173 1659; baseline -0.002 -23"><span class='ocrx_word' id='word_1_128' title='bbox 105 1595 220 1636; x_wconf 81' lang='lat' dir='ltr'><strong>narum</strong></span> <span class='ocrx_word' id='word_1_129' title='bbox 253 1573 410 1637; x_wconf 90' lang='lat' dir='ltr'><strong>mentium</strong></span> <span class='ocrx_word' id='word_1_130' title='bbox 445 1573 616 1659; x_wconf 79' lang='lat' dir='ltr'><strong>caliginem</strong></span> <span class='ocrx_word' id='word_1_131' title='bbox 653 1575 869 1638; x_wconf 82' lang='lat' dir='ltr'><strong>mirabuntur:</strong></span> <span class='ocrx_word' id='word_1_132' title='bbox 905 1573 1037 1658; x_wconf 79' lang='lat' dir='ltr'><strong>praedic</strong></span> <span class='ocrx_word' id='word_1_133' title='bbox 1070 1597 1130 1640; x_wconf 79' lang='lat' dir='ltr'><strong>sue</strong></span> <span class='ocrx_word' id='word_1_134' title='bbox 1148 1595 1173 1635; x_wconf 81' lang='lat'><strong>15</strong></span> 
     </span>
     <span class='ocr_line' id='line_1_17' title="bbox 106 1661 1130 1748; baseline 0.005 -23"><span class='ocrx_word' id='word_1_135' title='bbox 106 1661 256 1745; x_wconf 85' lang='lat' dir='ltr'><strong>occupari</strong></span> <span class='ocrx_word' id='word_1_136' title='bbox 280 1663 411 1727; x_wconf 81' lang='lat' dir='ltr'><strong>anullo</strong></span> <span class='ocrx_word' id='word_1_137' title='bbox 435 1663 603 1746; x_wconf 81' lang='lat' dir='ltr'><strong>patiuntur</strong></span> <span class='ocrx_word' id='word_1_138' title='bbox 625 1666 671 1746; x_wconf 90' lang='lat' dir='ltr'><strong>et,</strong></span> <span class='ocrx_word' id='word_1_139' title='bbox 701 1663 728 1729; x_wconf 92' lang='lat' dir='ltr'><strong>si</strong></span> <span class='ocrx_word' id='word_1_140' title='bbox 751 1664 868 1748; x_wconf 81' lang='lat' dir='ltr'><strong>exigue</strong></span> <span class='ocrx_word' id='word_1_141' title='bbox 890 1663 1055 1728; x_wconf 90' lang='lat' dir='ltr'><strong>contentio</strong></span> <span class='ocrx_word' id='word_1_142' title='bbox 1080 1668 1130 1730; x_wconf 90' lang='lat' dir='ltr'><strong>est</strong></span> 
     </span>
     <span class='ocr_line' id='line_1_18' title="bbox 107 1750 1130 1835; baseline 0.002 -20"><span class='ocrx_word' id='word_1_143' title='bbox 107 1751 145 1815; x_wconf 88' lang='lat' dir='ltr'><strong>de</strong></span> <span class='ocrx_word' id='word_1_144' title='bbox 177 1750 273 1816; x_wconf 92' lang='lat' dir='ltr'><strong>modo</strong></span> <span class='ocrx_word' id='word_1_145' title='bbox 305 1751 433 1832; x_wconf 86' lang='lat' dir='ltr'><strong>finium,</strong></span> <span class='ocrx_word' id='word_1_146' title='bbox 469 1752 510 1816; x_wconf 83' lang='lat' dir='ltr'><strong>cd</strong></span> <span class='ocrx_word' id='word_1_147' title='bbox 538 1752 662 1835; x_wconf 82' lang='lat' dir='ltr'><strong>lapides</strong></span> <span class='ocrx_word' id='word_1_148' title='bbox 693 1755 725 1816; x_wconf 90' lang='lat' dir='ltr'><strong>et</strong></span> <span class='ocrx_word' id='word_1_149' title='bbox 748 1774 837 1816; x_wconf 84' lang='lat' dir='ltr'><strong>erma</strong></span> <span class='ocrx_word' id='word_1_150' title='bbox 860 1751 1058 1817; x_wconf 88' lang='lat' dir='ltr'><strong>discurrunt:</strong></span> <span class='ocrx_word' id='word_1_151' title='bbox 1094 1753 1130 1818; x_wconf 88' lang='lat' dir='ltr'><strong>in</strong></span> 
     </span>
     <span class='ocr_line' id='line_1_19' title="bbox 104 1839 1128 1924; baseline 0.003 -20"><span class='ocrx_word' id='word_1_152' title='bbox 104 1840 204 1905; x_wconf 84' lang='lat' dir='ltr'><strong>vitam</strong></span> <span class='ocrx_word' id='word_1_153' title='bbox 223 1862 314 1905; x_wconf 87' lang='lat' dir='ltr'><strong>suem</strong></span> <span class='ocrx_word' id='word_1_154' title='bbox 332 1839 478 1906; x_wconf 89' lang='lat' dir='ltr'><strong>incedere</strong></span> <span class='ocrx_word' id='word_1_155' title='bbox 496 1841 576 1906; x_wconf 78' lang='lat' dir='ltr'><strong>aiios</strong></span> <span class='ocrx_word' id='word_1_156' title='bbox 596 1841 719 1924; x_wconf 90' lang='lat' dir='ltr'><strong>sinunt,</strong></span> <span class='ocrx_word' id='word_1_157' title='bbox 737 1841 837 1905; x_wconf 89' lang='lat' dir='ltr'><strong>immo</strong></span> <span class='ocrx_word' id='word_1_158' title='bbox 855 1862 931 1906; x_wconf 86' lang='lat' dir='ltr'><strong>vero</strong></span> <span class='ocrx_word' id='word_1_159' title='bbox 951 1841 1016 1924; x_wconf 90' lang='lat' dir='ltr'><strong>ipsi</strong></span> <span class='ocrx_word' id='word_1_160' title='bbox 1029 1842 1128 1907; x_wconf 85' lang='lat' dir='ltr'><strong>etiem</strong></span> 
     </span>
     <span class='ocr_line' id='line_1_20' title="bbox 104 1930 1128 2015; baseline -0.001 -19"><span class='ocrx_word' id='word_1_161' title='bbox 104 1951 304 2014; x_wconf 85' lang='lat' dir='ltr'><strong>possessores</strong></span> <span class='ocrx_word' id='word_1_162' title='bbox 328 1930 395 1995; x_wconf 90' lang='lat' dir='ltr'><strong>eius</strong></span> <span class='ocrx_word' id='word_1_163' title='bbox 419 1930 545 1995; x_wconf 84' lang='lat' dir='ltr'><strong>futuros</strong></span> <span class='ocrx_word' id='word_1_164' title='bbox 564 1930 735 2013; x_wconf 81' lang='lat' dir='ltr'><strong>inducunt3</strong></span> <span class='ocrx_word' id='word_1_165' title='bbox 756 1951 852 1994; x_wconf 87' lang='lat' dir='ltr'><strong>nemo</strong></span> <span class='ocrx_word' id='word_1_166' title='bbox 871 1931 1046 2014; x_wconf 84' lang='lat' dir='ltr'><strong>invenitur,</strong></span> <span class='ocrx_word' id='word_1_167' title='bbox 1071 1932 1128 2015; x_wconf 90' lang='lat' dir='ltr'><strong>qui</strong></span> 
     </span>
     <span class='ocr_line' id='line_1_21' title="bbox 103 2019 1172 2104; baseline -0.005 -20"><span class='ocrx_word' id='word_1_168' title='bbox 103 2020 273 2103; x_wconf 82' lang='lat' dir='ltr'><strong>pecuniam</strong></span> <span class='ocrx_word' id='word_1_169' title='bbox 292 2041 383 2084; x_wconf 85' lang='lat' dir='ltr'><strong>suam</strong></span> <span class='ocrx_word' id='word_1_170' title='bbox 402 2019 543 2084; x_wconf 84' lang='lat' dir='ltr'><strong>dividere</strong></span> <span class='ocrx_word' id='word_1_171' title='bbox 561 2019 653 2083; x_wconf 84' lang='lat' dir='ltr'><strong>velit:</strong></span> <span class='ocrx_word' id='word_1_172' title='bbox 671 2019 771 2083; x_wconf 85' lang='lat' dir='ltr'><strong>vitem</strong></span> <span class='ocrx_word' id='word_1_173' title='bbox 788 2019 1010 2104; x_wconf 88' lang='lat' dir='ltr'><strong>unusquisque</strong></span> <span class='ocrx_word' id='word_1_174' title='bbox 1029 2041 1129 2103; x_wconf 86' lang='lat' dir='ltr'><strong>quam</strong></span> <span class='ocrx_word' id='word_1_175' title='bbox 1146 2040 1172 2080; x_wconf 75' lang='lat' dir='ltr'><strong>ro</strong></span> 
     </span>
     <span class='ocr_line' id='line_1_22' title="bbox 106 2108 1129 2192; baseline 0.002 -20"><span class='ocrx_word' id='word_1_176' title='bbox 106 2108 216 2173; x_wconf 88' lang='lat' dir='ltr'><strong>multis</strong></span> <span class='ocrx_word' id='word_1_177' title='bbox 247 2108 423 2174; x_wconf 75' lang='lat' dir='ltr'><strong>distribuit!</strong></span> <span class='ocrx_word' id='word_1_178' title='bbox 469 2108 614 2173; x_wconf 78' lang='lat' dir='ltr'><strong>adstricti</strong></span> <span class='ocrx_word' id='word_1_179' title='bbox 644 2111 720 2173; x_wconf 90' lang='lat' dir='ltr'><strong>sunt</strong></span> <span class='ocrx_word' id='word_1_180' title='bbox 749 2109 785 2172; x_wconf 88' lang='lat' dir='ltr'><strong>in</strong></span> <span class='ocrx_word' id='word_1_181' title='bbox 811 2108 1005 2174; x_wconf 90' lang='lat' dir='ltr'><strong>continendo</strong></span> <span class='ocrx_word' id='word_1_182' title='bbox 1028 2110 1129 2192; x_wconf 81' lang='lat' dir='ltr'><strong>patri·</strong></span> 
     </span>
     <span class='ocr_line' id='line_1_23' title="bbox 105 2197 1128 2287; baseline 0.003 -27"><span class='ocrx_word' id='word_1_183' title='bbox 105 2197 230 2280; x_wconf 88' lang='lat' dir='ltr'><strong>monio,</strong></span> <span class='ocrx_word' id='word_1_184' title='bbox 259 2199 356 2262; x_wconf 88' lang='lat' dir='ltr'><strong>simul</strong></span> <span class='ocrx_word' id='word_1_185' title='bbox 384 2197 425 2261; x_wconf 82' lang='lat' dir='ltr'><strong>ud</strong></span> <span class='ocrx_word' id='word_1_186' title='bbox 453 2198 610 2263; x_wconf 80' lang='lat' dir='ltr'><strong>iacturam</strong></span> <span class='ocrx_word' id='word_1_187' title='bbox 632 2197 786 2287; x_wconf 81' lang='lat' dir='ltr'><strong>temporis</strong></span> <span class='ocrx_word' id='word_1_188' title='bbox 806 2201 938 2262; x_wconf 85' lang='lat' dir='ltr'><strong>ventum</strong></span> <span class='ocrx_word' id='word_1_189' title='bbox 961 2201 1025 2281; x_wconf 91' lang='lat' dir='ltr'><strong>est,</strong></span> <span class='ocrx_word' id='word_1_190' title='bbox 1053 2220 1128 2283; x_wconf 78' lang='lat' dir='ltr'><strong>pro</strong></span> 
     </span>
    </p>

    <p class='ocr_par' dir='ltr' id='par_1_5' title="bbox 70 2285 1170 2906">
     <span class='ocr_line' id='line_1_24' title="bbox 70 2285 1128 2369; baseline 0.003 -20"><span class='ocrx_word' id='word_1_191' title='bbox 70 2285 260 2351; x_wconf 69' lang='lat' dir='ltr'><strong>cfusissimi</strong></span> <span class='ocrx_word' id='word_1_192' title='bbox 283 2288 316 2350; x_wconf 92' lang='lat' dir='ltr'><strong>in</strong></span> <span class='ocrx_word' id='word_1_193' title='bbox 341 2308 393 2369; x_wconf 93' lang='lat' dir='ltr'><strong>e0,</strong></span> <span class='ocrx_word' id='word_1_194' title='bbox 418 2287 509 2351; x_wconf 93' lang='lat' dir='ltr'><strong>cuius</strong></span> <span class='ocrx_word' id='word_1_195' title='bbox 532 2287 628 2351; x_wconf 92' lang='lat' dir='ltr'><strong>unius</strong></span> <span class='ocrx_word' id='word_1_196' title='bbox 646 2285 782 2351; x_wconf 83' lang='lat' dir='ltr'><strong>honeste</strong></span> <span class='ocrx_word' id='word_1_197' title='bbox 801 2286 935 2351; x_wconf 78' lang='lat' dir='ltr'><strong>avaritie</strong></span> <span class='ocrx_word' id='word_1_198' title='bbox 953 2290 1009 2351; x_wconf 89' lang='lat' dir='ltr'><strong>est.</strong></span> <span class='ocrx_word' id='word_1_199' title='bbox 1046 2286 1128 2352; x_wconf 89' lang='lat' dir='ltr'><strong>libet</strong></span> 
     </span>
     <span class='ocr_line' id='line_1_25' title="bbox 104 2373 1128 2460; baseline 0.005 -24"><span class='ocrx_word' id='word_1_200' title='bbox 104 2373 213 2456; x_wconf 82' lang='lat' dir='ltr'><strong>itaque</strong></span> <span class='ocrx_word' id='word_1_201' title='bbox 241 2396 280 2438; x_wconf 84' lang='lat' dir='ltr'><strong>ex</strong></span> <span class='ocrx_word' id='word_1_202' title='bbox 304 2376 465 2440; x_wconf 91' lang='lat' dir='ltr'><strong>seniorum</strong></span> <span class='ocrx_word' id='word_1_203' title='bbox 488 2376 583 2440; x_wconf 86' lang='lat' dir='ltr'><strong>turbe</strong></span> <span class='ocrx_word' id='word_1_204' title='bbox 606 2375 832 2458; x_wconf 85' lang='lat' dir='ltr'><strong>comprendere</strong></span> <span class='ocrx_word' id='word_1_205' title='bbox 855 2376 1010 2458; x_wconf 74' lang='lat' dir='ltr'><strong>aliquem:</strong></span> <span class='ocrx_word' id='word_1_206' title='bbox 1041 2375 1128 2460; x_wconf 75' lang='lat' dir='ltr'><strong>‘per-</strong></span> 
     </span>
     <span class='ocr_line' id='line_1_26' title="bbox 104 2463 1170 2546; baseline -0.003 -20"><span class='ocrx_word' id='word_1_207' title='bbox 104 2463 229 2527; x_wconf 88' lang='lat' dir='ltr'><strong>venisse</strong></span> <span class='ocrx_word' id='word_1_208' title='bbox 269 2467 302 2528; x_wconf 91' lang='lat' dir='ltr'><strong>te</strong></span> <span class='ocrx_word' id='word_1_209' title='bbox 343 2465 383 2528; x_wconf 82' lang='lat' dir='ltr'><strong>ad</strong></span> <span class='ocrx_word' id='word_1_210' title='bbox 424 2464 575 2529; x_wconf 90' lang='lat' dir='ltr'><strong>ultimum</strong></span> <span class='ocrx_word' id='word_1_211' title='bbox 616 2464 729 2529; x_wconf 82' lang='lat' dir='ltr'><strong>aetatis</strong></span> <span class='ocrx_word' id='word_1_212' title='bbox 770 2463 929 2530; x_wconf 79' lang='lat' dir='ltr'><strong>humanae</strong></span> <span class='ocrx_word' id='word_1_213' title='bbox 969 2465 1128 2546; x_wconf 84' lang='lat' dir='ltr'><strong>videmus,</strong></span> <span class='ocrx_word' id='word_1_214' title='bbox 1145 2483 1170 2524; x_wconf 78' lang='lat' dir='ltr'><strong>u</strong></span> 
     </span>
     <span class='ocr_line' id='line_1_27' title="bbox 105 2552 1127 2640; baseline 0.004 -24"><span class='ocrx_word' id='word_1_215' title='bbox 105 2552 295 2616; x_wconf 89' lang='lat' dir='ltr'><strong>centesimus</strong></span> <span class='ocrx_word' id='word_1_216' title='bbox 319 2552 380 2617; x_wconf 88' lang='lat' dir='ltr'><strong>tibi</strong></span> <span class='ocrx_word' id='word_1_217' title='bbox 402 2555 454 2618; x_wconf 85' lang='lat' dir='ltr'><strong>vel</strong></span> <span class='ocrx_word' id='word_1_218' title='bbox 478 2576 575 2637; x_wconf 82' lang='lat' dir='ltr'><strong>supra</strong></span> <span class='ocrx_word' id='word_1_219' title='bbox 597 2553 753 2637; x_wconf 82' lang='lat' dir='ltr'><strong>premitur</strong></span> <span class='ocrx_word' id='word_1_220' title='bbox 771 2575 887 2619; x_wconf 83' lang='lat' dir='ltr'><strong>annus:</strong></span> <span class='ocrx_word' id='word_1_221' title='bbox 910 2553 1064 2640; x_wconf 74' lang='lat' dir='ltr'><strong>agedum,</strong></span> <span class='ocrx_word' id='word_1_222' title='bbox 1086 2555 1127 2620; x_wconf 84' lang='lat' dir='ltr'><strong>ed</strong></span> 
     </span>
     <span class='ocr_line' id='line_1_28' title="bbox 105 2641 1127 2729; baseline 0.003 -24"><span class='ocrx_word' id='word_1_223' title='bbox 105 2641 378 2723; x_wconf 80' lang='lat' dir='ltr'><strong>computationem</strong></span> <span class='ocrx_word' id='word_1_224' title='bbox 407 2647 544 2707; x_wconf 86' lang='lat' dir='ltr'><strong>aetatem</strong></span> <span class='ocrx_word' id='word_1_225' title='bbox 576 2646 665 2707; x_wconf 86' lang='lat' dir='ltr'><strong>tuam</strong></span> <span class='ocrx_word' id='word_1_226' title='bbox 691 2664 815 2708; x_wconf 78' lang='lat' dir='ltr'><strong>revoca.</strong></span> <span class='ocrx_word' id='word_1_227' title='bbox 862 2643 938 2729; x_wconf 91' lang='lat' dir='ltr'><strong>duc,</strong></span> <span class='ocrx_word' id='word_1_228' title='bbox 968 2647 1127 2726; x_wconf 82' lang='lat' dir='ltr'><strong>quantum</strong></span> 
     </span>
     <span class='ocr_line' id='line_1_29' title="bbox 105 2730 1126 2817; baseline 0.004 -23"><span class='ocrx_word' id='word_1_229' title='bbox 105 2752 144 2794; x_wconf 84' lang='lat' dir='ltr'><strong>ex</strong></span> <span class='ocrx_word' id='word_1_230' title='bbox 173 2730 236 2794; x_wconf 92' lang='lat' dir='ltr'><strong>isto</strong></span> <span class='ocrx_word' id='word_1_231' title='bbox 263 2733 413 2813; x_wconf 81' lang='lat' dir='ltr'><strong>¹tempore</strong></span> <span class='ocrx_word' id='word_1_232' title='bbox 446 2732 598 2815; x_wconf 86' lang='lat' dir='ltr'><strong>creditor,</strong></span> <span class='ocrx_word' id='word_1_233' title='bbox 631 2735 787 2815; x_wconf 84' lang='lat' dir='ltr'><strong>quantum</strong></span> <span class='ocrx_word' id='word_1_234' title='bbox 819 2733 935 2817; x_wconf 81' lang='lat' dir='ltr'><strong>amice,</strong></span> <span class='ocrx_word' id='word_1_235' title='bbox 968 2736 1126 2816; x_wconf 81' lang='lat' dir='ltr'><strong>quantum</strong></span> 
     </span>
     <span class='ocr_line' id='line_1_30' title="bbox 104 2821 1125 2906; baseline 0.005 -24"><span class='ocrx_word' id='word_1_236' title='bbox 104 2841 173 2902; x_wconf 84' lang='lat' dir='ltr'><strong>rex,</strong></span> <span class='ocrx_word' id='word_1_237' title='bbox 208 2822 365 2902; x_wconf 83' lang='lat' dir='ltr'><strong>quantum</strong></span> <span class='ocrx_word' id='word_1_238' title='bbox 399 2821 497 2886; x_wconf 89' lang='lat' dir='ltr'><strong>cliens</strong></span> <span class='ocrx_word' id='word_1_239' title='bbox 529 2821 710 2904; x_wconf 82' lang='lat' dir='ltr'><strong>abstulerit,</strong></span> <span class='ocrx_word' id='word_1_240' title='bbox 746 2825 902 2904; x_wconf 83' lang='lat' dir='ltr'><strong>quantum</strong></span> <span class='ocrx_word' id='word_1_241' title='bbox 931 2822 972 2887; x_wconf 91' lang='lat' dir='ltr'><strong>lis</strong></span> <span class='ocrx_word' id='word_1_242' title='bbox 1002 2822 1125 2906; x_wconf 81' lang='lat' dir='ltr'><strong>uxoria,</strong></span> 
     </span>
    </p>
   </div>
   <div class='ocr_carea' id='block_1_4' title="bbox 91 2975 1127 3620">
    <p class='ocr_par' dir='ltr' id='par_1_6' title="bbox 91 2975 1127 3620">
     <span class='ocr_line' id='line_1_31' title="bbox 193 2975 1127 3050; baseline 0.005 -20"><span class='ocrx_word' id='word_1_243' title='bbox 193 2976 210 3030; x_wconf 94' lang='lat'>1</span> <span class='ocrx_word' id='word_1_244' title='bbox 228 2975 340 3031; x_wconf 88' lang='lat' dir='ltr'><strong>uidebis</strong></span> <span class='ocrx_word' id='word_1_245' title='bbox 359 2992 426 3031; x_wconf 83' lang='lat' dir='ltr'><strong>corr.</strong></span> <span class='ocrx_word' id='word_1_246' title='bbox 441 2994 475 3031; x_wconf 81' lang='lat' dir='ltr'><strong>cc</strong></span> <span class='ocrx_word' id='word_1_247' title='bbox 493 2977 555 3030; x_wconf 92' lang='lat' dir='ltr'><strong>bid·</strong></span> <span class='ocrx_word' id='word_1_248' title='bbox 569 2977 612 3032; x_wconf 78' lang='grc' dir='ltr'><strong>Αῠ</strong></span> <span class='ocrx_word' id='word_1_249' title='bbox 624 2977 634 3050; x_wconf 70' lang='lat' dir='ltr'><strong>ii</strong></span> <span class='ocrx_word' id='word_1_250' title='bbox 653 2978 712 3031; x_wconf 72' lang='lat' dir='ltr'><strong>ies</strong></span> <span class='ocrx_word' id='word_1_251' title='bbox 727 2989 744 3030; x_wconf 79' lang='lat' dir='ltr'><strong>s</strong></span> <span class='ocrx_word' id='word_1_252' title='bbox 762 2979 805 3031; x_wconf 91' lang='lat' dir='ltr'><strong>est</strong></span> <span class='ocrx_word' id='word_1_253' title='bbox 818 2978 845 3033; x_wconf 97' lang='lat' dir='ltr'><strong><em>A</em></strong></span> <span class='ocrx_word' id='word_1_254' title='bbox 864 2978 874 3050; x_wconf 69' lang='lat' dir='ltr'><strong>tt</strong></span> <span class='ocrx_word' id='word_1_255' title='bbox 892 2978 928 3032; x_wconf 87' lang='lat'><strong>10</strong></span> <span class='ocrx_word' id='word_1_256' title='bbox 946 2979 1084 3048; x_wconf 77' lang='lat' dir='ltr'><strong>quiquam</strong></span> <span class='ocrx_word' id='word_1_257' title='bbox 1098 2981 1127 3035; x_wconf 91' lang='lat' dir='ltr'><strong><em>A</em></strong></span> 
     </span>
     <span class='ocr_line' id='line_1_32' title="bbox 104 3047 1126 3121; baseline 0.003 -18"><span class='ocrx_word' id='word_1_258' title='bbox 104 3064 172 3103; x_wconf 86' lang='lat' dir='ltr'><strong>corr.</strong></span> <span class='ocrx_word' id='word_1_259' title='bbox 187 3048 256 3119; x_wconf 75' lang='lat' dir='ltr'><strong>only.</strong></span> <span class='ocrx_word' id='word_1_260' title='bbox 276 3047 429 3117; x_wconf 74' lang='lat' dir='ltr'><strong>quoiquam</strong></span> <span class='ocrx_word' id='word_1_261' title='bbox 448 3048 529 3103; x_wconf 78' lang='lat' dir='ltr'><strong>Gertz</strong></span> <span class='ocrx_word' id='word_1_262' title='bbox 551 3048 561 3121; x_wconf 74' lang='grc' dir='ltr'>Η</span> <span class='ocrx_word' id='word_1_263' title='bbox 583 3048 619 3102; x_wconf 78' lang='lat'><strong>12</strong></span> <span class='ocrx_word' id='word_1_264' title='bbox 638 3053 672 3102; x_wconf 82' lang='lat' dir='ltr'><strong>cu</strong></span> <span class='ocrx_word' id='word_1_265' title='bbox 691 3048 747 3102; x_wconf 83' lang='lat' dir='ltr'><strong>elio</strong></span> <span class='ocrx_word' id='word_1_266' title='bbox 762 3051 790 3102; x_wconf 92' lang='lat' dir='ltr'><strong><em>A</em></strong></span> <span class='ocrx_word' id='word_1_267' title='bbox 807 3050 855 3103; x_wconf 84' lang='lat' dir='ltr'><strong>sed</strong></span> <span class='ocrx_word' id='word_1_268' title='bbox 872 3051 1041 3106; x_wconf 68' lang='lat' dir='ltr'><strong>inruente</strong></span> <span class='ocrx_word' id='word_1_269' title='bbox 1058 3056 1126 3106; x_wconf 86' lang='lat' dir='ltr'><strong>m.1</strong></span> 
     </span>
     <span class='ocr_line' id='line_1_33' title="bbox 104 3119 1125 3192; baseline 0.005 -19"><span class='ocrx_word' id='word_1_270' title='bbox 104 3127 136 3174; x_wconf 83' lang='lat' dir='ltr'><strong>ut</strong></span> <span class='ocrx_word' id='word_1_271' title='bbox 157 3120 215 3174; x_wconf 80' lang='lat' dir='ltr'><strong>uid.</strong></span> <span class='ocrx_word' id='word_1_272' title='bbox 235 3121 367 3188; x_wconf 70' lang='lat' dir='ltr'><strong>comptum</strong></span> <span class='ocrx_word' id='word_1_273' title='bbox 390 3136 454 3173; x_wconf 92' lang='lat' dir='ltr'><strong>cum</strong></span> <span class='ocrx_word' id='word_1_274' title='bbox 478 3120 573 3188; x_wconf 79' lang='lat' dir='ltr'><strong>aliquo</strong></span> <span class='ocrx_word' id='word_1_275' title='bbox 592 3132 609 3173; x_wconf 80' lang='grc' dir='ltr'><strong><em>ς</em></strong></span> <span class='ocrx_word' id='word_1_276' title='bbox 629 3120 639 3192; x_wconf 73' lang='grc' dir='ltr'>Η</span> <span class='ocrx_word' id='word_1_277' title='bbox 661 3119 914 3190; x_wconf 68' lang='lat' dir='ltr'><strong>141nh00ssunum</strong></span> <span class='ocrx_word' id='word_1_278' title='bbox 928 3123 956 3174; x_wconf 89' lang='lat' dir='ltr'><strong><em>A</em></strong></span> <span class='ocrx_word' id='word_1_279' title='bbox 974 3123 1055 3189; x_wconf 81' lang='lat' dir='ltr'><strong>(crae.</strong></span> <span class='ocrx_word' id='word_1_280' title='bbox 1069 3123 1125 3178; x_wconf 75' lang='lat' dir='ltr'><strong>oid.</strong></span> 
     </span>
     <span class='ocr_line' id='line_1_34' title="bbox 105 3190 1127 3335; baseline 0.006 -21"><span class='ocrx_word' id='word_1_281' title='bbox 105 3190 1127 3335; x_wconf 50' lang='lat' dir='ltr'><strong>titt&amp;uirtutetittuttrudtti‘ttutttttutu</strong></span> 
     </span>
     <span class='ocr_line' id='line_1_35' title="bbox 103 3261 1127 3402; baseline 0.005 -16"><span class='ocrx_word' id='word_1_282' title='bbox 103 3333 255 3387; x_wconf 89' lang='lat' dir='ltr'><strong>terminum</strong></span> <span class='ocrx_word' id='word_1_283' title='bbox 269 3335 333 3389; x_wconf 84' lang='lat' dir='ltr'><strong>cdd.</strong></span> <span class='ocrx_word' id='word_1_284' title='bbox 348 3334 536 3400; x_wconf 65' lang='lat' dir='ltr'><strong>contelerunt.</strong></span> <span class='ocrx_word' id='word_1_285' title='bbox 550 3334 592 3388; x_wconf 90' lang='lat' dir='ltr'><strong>VI</strong></span> <span class='ocrx_word' id='word_1_286' title='bbox 605 3339 675 3401; x_wconf 78' lang='lat'><strong>12,4</strong></span> <span class='ocrx_word' id='word_1_287' title='bbox 690 3306 726 3388; x_wconf 40' lang='lat' dir='ltr'><strong>&#39;dc</strong></span> <span class='ocrx_word' id='word_1_288' title='bbox 740 3261 915 3400; x_wconf 56' lang='lat' dir='ltr'><strong>ciem.1i⁶,3</strong></span> <span class='ocrx_word' id='word_1_289' title='bbox 929 3335 1127 3402; x_wconf 82' lang='lat' dir='ltr'><strong>epiet.120,17</strong></span> 
     </span>
     <span class='ocr_line' id='line_1_36' title="bbox 105 3404 1127 3476; baseline 0.003 -18"><span class='ocrx_word' id='word_1_290' title='bbox 105 3412 130 3458; x_wconf 83' lang='lat' dir='ltr'><strong>et</strong></span> <span class='ocrx_word' id='word_1_291' title='bbox 153 3409 188 3459; x_wconf 82' lang='lat'><strong>18</strong></span> <span class='ocrx_word' id='word_1_292' title='bbox 212 3404 222 3476; x_wconf 67' lang='lat' dir='ltr'><strong>tt</strong></span> <span class='ocrx_word' id='word_1_293' title='bbox 246 3405 280 3459; x_wconf 76' lang='lat'><strong>27</strong></span> <span class='ocrx_word' id='word_1_294' title='bbox 301 3406 355 3459; x_wconf 92' lang='lat' dir='ltr'><strong>duc</strong></span> <span class='ocrx_word' id='word_1_295' title='bbox 373 3406 401 3460; x_wconf 89' lang='lat' dir='ltr'><strong><em>A</em></strong></span> <span class='ocrx_word' id='word_1_296' title='bbox 425 3407 471 3460; x_wconf 87' lang='lat' dir='ltr'><strong>dic</strong></span> <span class='ocrx_word' id='word_1_297' title='bbox 493 3406 561 3474; x_wconf 75' lang='lat' dir='ltr'><strong>only.</strong></span> <span class='ocrx_word' id='word_1_298' title='bbox 586 3405 595 3476; x_wconf 68' lang='grc' dir='ltr'>Η</span> <span class='ocrx_word' id='word_1_299' title='bbox 619 3405 655 3459; x_wconf 79' lang='grc'><strong>29</strong></span> <span class='ocrx_word' id='word_1_300' title='bbox 673 3421 722 3459; x_wconf 83' lang='lat' dir='ltr'><strong>rex</strong></span> <span class='ocrx_word' id='word_1_301' title='bbox 735 3408 763 3459; x_wconf 92' lang='lat' dir='ltr'><strong><em>A</em></strong></span> <span class='ocrx_word' id='word_1_302' title='bbox 785 3407 813 3474; x_wconf 78' lang='lat' dir='ltr'><strong>(i.</strong></span> <span class='ocrx_word' id='word_1_303' title='bbox 829 3422 850 3459; x_wconf 84' lang='lat' dir='ltr'><strong>c.</strong></span> <span class='ocrx_word' id='word_1_304' title='bbox 869 3407 1003 3474; x_wconf 64' lang='lat' dir='ltr'><strong>superior,</strong></span> <span class='ocrx_word' id='word_1_305' title='bbox 1021 3410 1086 3474; x_wconf 79' lang='lat' dir='ltr'><strong>c2,</strong></span> <span class='ocrx_word' id='word_1_306' title='bbox 1101 3412 1127 3474; x_wconf 89' lang='lat'><strong>1,</strong></span> 
     </span>
     <span class='ocr_line' id='line_1_37' title="bbox 98 3477 1127 3545; baseline 0.003 -16"><span class='ocrx_word' id='word_1_307' title='bbox 98 3477 247 3545; x_wconf 73' lang='lat' dir='ltr'><strong>patronos)</strong></span> <span class='ocrx_word' id='word_1_308' title='bbox 269 3484 351 3543; x_wconf 66' lang='lat' dir='ltr'><strong>recu,</strong></span> <span class='ocrx_word' id='word_1_309' title='bbox 369 3479 524 3532; x_wconf 78' lang='lat' dir='ltr'><strong>memineris</strong></span> <span class='ocrx_word' id='word_1_310' title='bbox 541 3477 619 3532; x_wconf 83' lang='lat' dir='ltr'><strong>modo</strong></span> <span class='ocrx_word' id='word_1_311' title='bbox 638 3477 708 3531; x_wconf 83' lang='lat' dir='ltr'><strong>Hor.</strong></span> <span class='ocrx_word' id='word_1_312' title='bbox 728 3478 803 3545; x_wconf 82' lang='lat' dir='ltr'><strong>epist.</strong></span> <span class='ocrx_word' id='word_1_313' title='bbox 823 3478 844 3530; x_wconf 93' lang='grc' dir='ltr'><em>Ι</em></span> <span class='ocrx_word' id='word_1_314' title='bbox 859 3482 877 3532; x_wconf 82' lang='grc'><strong><em>7</em></strong></span> <span class='ocrx_word' id='word_1_315' title='bbox 895 3481 989 3543; x_wconf 86' lang='lat' dir='ltr'><strong>et18;</strong></span> <span class='ocrx_word' id='word_1_316' title='bbox 1010 3493 1061 3531; x_wconf 78' lang='lat' dir='ltr'><strong>nec</strong></span> <span class='ocrx_word' id='word_1_317' title='bbox 1081 3478 1127 3532; x_wconf 85' lang='lat' dir='ltr'><strong>ob·</strong></span> 
     </span>
     <span class='ocr_line' id='line_1_38' title="bbox 91 3547 1127 3620; baseline 0.009 -23"><span class='ocrx_word' id='word_1_318' title='bbox 91 3551 170 3601; x_wconf 72' lang='lat' dir='ltr'><strong>stare</strong></span> <span class='ocrx_word' id='word_1_319' title='bbox 188 3554 265 3616; x_wconf 73' lang='lat' dir='ltr'><strong>puto</strong></span> <span class='ocrx_word' id='word_1_320' title='bbox 288 3548 366 3620; x_wconf 79' lang='lat' dir='ltr'><strong>quod</strong></span> <span class='ocrx_word' id='word_1_321' title='bbox 384 3550 604 3607; x_wconf 77' lang='lat' dir='ltr'><strong>molestissimum</strong></span> <span class='ocrx_word' id='word_1_322' title='bbox 628 3549 734 3604; x_wconf 81' lang='lat' dir='ltr'><strong>otteutts</strong></span> <span class='ocrx_word' id='word_1_323' title='bbox 759 3548 881 3616; x_wconf 69' lang='lat' dir='ltr'><strong>officium</strong></span> <span class='ocrx_word' id='word_1_324' title='bbox 905 3547 985 3614; x_wconf 69' lang='lat' dir='ltr'><strong>iufra</strong></span> <span class='ocrx_word' id='word_1_325' title='bbox 1009 3547 1127 3606; x_wconf 78' lang='lat' dir='ltr'><strong>additur</strong></span> 
     </span>
    </p>
   </div>
   <div class='ocr_carea' id='block_1_5' title="bbox 0 0 1204 3840">
    <p class='ocr_par' dir='ltr' id='par_1_7' title="bbox 0 0 1204 3840">
     <span class='ocr_line' id='line_1_39' title="bbox 0 0 1204 3840; baseline 0 0"><span class='ocrx_word' id='word_1_326' title='bbox 0 0 1204 3840; x_wconf 95' lang='lat' dir='ltr'><strong> </strong></span> 
     </span>
    </p>
   </div>
  </div>
 </body>
</html>
