2400 3840
100 199 151 254 AD
166 196 341 254 SERENVM
354 196 404 251 DE
418 195 739 262 TRANQVILLITATE
748 194 857 249 ANIMI
871 193 947 250 OAP.
958 201 991 250 11
1033 197 1098 264 265

170 341 224 408 XI.
261 341 314 408 Ad
343 342 537 428 inperfectos
567 345 600 406 et
629 341 805 406 mediocres
834 345 867 406 et
893 341 977 406 male
1004 359 1133 408 sanos1

79 433 134 499 hic
156 455 245 498 meus
269 454 374 499 sermo
397 432 551 516 pertinet,
571 451 639 495 non
661 430 702 494 sd
716 430 901 514 sapientem.
938 430 1016 497 huic
1032 451 1100 497 non

79 523 193 588 timide
220 544 281 587 nec
306 522 536 605 pedetemptim
559 519 789 584 ambulandum
812 522 874 603 est3
900 522 990 585 tanta
1013 522 1099 585 enim

79 612 199 677 fiducia
228 612 280 676 sui
309 615 369 693 est,
401 615 438 675 ut
469 609 596 674 obviam
626 609 774 674 fortunae
803 609 850 673 ire
879 630 946 674 non
976 609 1099 675 dubitet

49 722 139 767 snec
170 721 325 783 umquem
355 700 429 765 loco
456 698 507 764 illi
537 719 683 763 cessurus
713 697 763 763 sit.
815 719 875 762 nec
903 697 1014 782 hebet,
1042 700 1100 764 ubi

80 792 171 855 illam
198 790 323 872 timeat,
351 789 516 872 quianon
538 787 699 870 mancipia
720 789 847 852 tantum
870 788 1101 870 possessiones·

82 900 143 962 que
167 882 200 942 et
226 878 429 964 dignitatem,
452 877 508 942 sed
531 898 647 960 corpus
670 897 799 960 quoque
818 898 912 940 sunm
935 879 967 940 et
990 877 1100 941 oculos

82 971 115 1033 et
137 988 268 1031 manum
292 971 323 1032 et
347 966 501 1050 quicquid
524 965 678 1031 cariorem
697 965 799 1030 vitam
817 965 896 1030 facit
913 964 983 1029 viro
1003 987 1101 1049 seque

81 1056 189 1140 ipsum
212 1056 296 1121 inter
317 1057 461 1140 precaria
481 1059 630 1120 numerat
651 1053 795 1138 vivitque
819 1057 857 1118 nt
879 1054 1101 1119 commodatus

36 1168 64 1208 ιο
82 1145 145 1211 eibi
167 1148 200 1210 et
222 1146 462 1230 reposcentibus
486 1145 555 1209 sine
575 1143 707 1209 tristitia
724 1142 914 1209 redditurus.
951 1164 1011 1208 nec
1029 1143 1136 1208 ideoa

81 1235 155 1299 vilis
183 1237 232 1300 est
254 1234 328 1319 sibi,
359 1236 434 1318 quia
457 1234 518 1299 scit
541 1255 574 1297 se
597 1255 691 1298 suum
713 1254 781 1298 non
804 1255 888 1316 esse,
915 1231 971 1297 sed
994 1231 1102 1297 omnia

82 1327 149 1388 tam
163 1324 334 1409 diligenter
346 1324 456 1406 faciet,
475 1326 542 1387 tam
557 1323 801 1406 circumspecte,
820 1344 916 1406 quam
930 1321 1100 1408 religiosus

81 1413 180 1478 homo
211 1417 404 1496 sanctusque
427 1412 510 1476 solet
531 1410 615 1475 tueri
637 1411 713 1475 fidei
735 1413 913 1477 commissa.
961 1410 1102 1494 quando·

83 1523 145 1585 que
164 1505 271 1566 autem
289 1501 419 1565 reddere
438 1498 612 1582 iubebitur,
629 1522 696 1564 non
711 1504 862 1584 queretur
875 1522 949 1566 cum
962 1500 1101 1582 fortuna,

38 1612 65 1652 rs
83 1590 139 1655 sed
162 1591 259 1655 dicet:
283 1590 418 1674 ‘gratias
442 1610 503 1674 ago
526 1610 585 1671 pro
605 1610 657 1671 eo,
680 1589 767 1672 quod
784 1589 914 1673 possedi
930 1589 1101 1674 habuique.
1120 1604 1137 1652 s

82 1700 201 1764 magna
233 1678 363 1761 quidem
391 1699 442 1742 res
475 1679 546 1741 tuas
574 1677 718 1742 mercede
746 1679 845 1761 colui,
875 1678 931 1743 sed
959 1679 1102 1761 quisita

84 1768 235 1850 imperas,
266 1767 321 1848 do,
351 1766 428 1830 cedo
459 1767 569 1850 gratus
598 1766 772 1848 libensque.
824 1768 851 1832 si
881 1766 959 1850 quid
985 1767 1102 1831 habere

85 1877 137 1920 me
168 1855 217 1919 tui
243 1854 383 1919 volueris
415 1855 611 1937 etiamnunc,
644 1855 791 1937 servab03
818 1856 846 1920 si
873 1856 960 1918 aliud
988 1855 1102 1939 placet,

85 1966 145 2030 ego
168 1966 244 2009 vero
267 1943 388 2009 factum
411 1944 637 2029 signatumque
656 1945 839 2029 argentum,
862 1943 993 2008 domum
1011 1943 1103 2006 fami·

40 2056 67 2095 ro
84 2036 226 2117 liamque
259 2055 362 2098 meam
392 2032 503 2115 redde,
535 2032 692 2097 restituo?
746 2031 957 2116 appellaverit
987 2034 1103 2096 natura

86 2145 167 2207 quae
198 2122 287 2206 prior
320 2122 413 2188 nobis
448 2121 597 2205 credidit,
628 2125 660 2186 et
688 2120 766 2186 huic
796 2121 950 2186 dicemus:
982 2120 1102 2206 ‘recipe

85 2214 229 2278 animum
259 2212 423 2277 meliorem
453 2233 549 2295 quem
577 2210 707 2294 dedisti3
735 2231 802 2275 non
829 2210 1022 2296 tergiversor
1042 2231 1103 2276 nec

85 2303 225 2388 refugio,
253 2305 401 2385 paratum
427 2300 526 2366 habes
554 2323 573 2365 a
599 2301 727 2365 volente
755 2299 842 2384 quod
864 2321 930 2365 non
953 2298 1103 2365 sentienti

87 2391 214 2456 dedisti:
238 2390 347 2455 aufer’
392 2389 509 2456 reverti
540 2390 625 2454 unde
646 2389 771 2454 veneris
804 2389 882 2472 quid
911 2410 1008 2475 grave
1031 2388 1138 2454 estll

40 2499 67 2541 ss
87 2481 169 2544 male
198 2480 287 2544 vivet
316 2480 461 2564 quisquis
491 2479 613 2544 nesciet
640 2479 721 2543 bene
751 2477 843 2543 mori.
888 2478 965 2544 huic
993 2479 1101 2563 itaque

86 2569 226 2652 primum
253 2568 300 2632 rei
322 2569 462 2652 pretium
485 2567 716 2633 detrahendum
739 2570 788 2632 est
811 2571 843 2632 et
865 2566 996 2651 spiritus
1019 2570 1103 2634 inter

176 2779 196 2834 4
213 2779 325 2834 dubitet
342 2781 372 2834 et
389 2795 441 2835 nec
455 2781 483 2835 A
500 2781 548 2835 sed
565 2781 595 2835 et
607 2781 722 2849 parcetis
734 2786 872 2848 notatam,
886 2781 984 2836 deinde
997 2798 1104 2836 erasum

87 2858 125 2908 est
142 2851 152 2924 ll
170 2851 187 2906 8
205 2851 276 2905 facit
293 2851 365 2919 viro,
386 2867 471 2920 seque
485 2851 620 2908 Schultess
637 2851 763 2906 facturus
777 2867 825 2925 eq;
840 2854 868 2907 A
882 2855 959 2923 (urus
974 2867 989 2924 p
1002 2854 1035 2906 iu
1047 2869 1102 2906 ros.

86 2924 134 2978 sed
155 2941 190 2979 m.
211 2926 237 2993 1)
263 2923 335 2977 facit
356 2940 422 2989 usu,
448 2939 533 2991 seque
554 2923 674 2993 Madctp
697 2922 769 2977 facit
793 2925 891 2978 acturo
915 2939 1000 2992 seque
1021 2922 1104 2978 Gertz

87 2995 158 3050 facit
176 3010 261 3064 seque
280 3012 300 3050 e.
316 2995 374 3050 cod.
389 2996 480 3050 Pon's.
497 2998 586 3049 15086
598 2995 739 3050 Rossbach
762 2993 773 3066 ll
798 2994 834 3048 10
851 2993 1062 3064 reposcentibus
1076 2994 1104 3048 A

87 3067 170 3136 (qaod
190 3067 272 3122 Gertz
294 3066 417 3133 defendit
437 3067 589 3134 supplendo
612 3082 646 3120 ec
667 3083 722 3135 sqq.
742 3065 856 3120 fortuna
878 3072 905 3120 et
924 3066 1036 3133 natura)
1062 3080 1104 3118 re-

86 3137 215 3207 poscenti
233 3154 263 3192 se
281 3138 438 3193 Feldmaem
460 3137 618 3206 reposcenti
636 3136 764 3191 debitum
785 3135 902 3262 Ml
923 3135 958 3190 18
978 3135 1104 3205 quando-

87 3225 142 3278 que
156 3210 184 3264 A
203 3209 437 3278 quandocumque
452 3209 521 3278 colp.
534 3208 546 3280 ll
563 3207 598 3262 15
612 3208 690 3262 dicet
706 3209 775 3278 volp.
790 3208 861 3261 dicit
915 3206 926 3279 ll
939 3206 975 3261 le
988 3206 1063 3260 colui
1076 3207 1104 3262 A

88 3280 223 3334 collocavi
241 3298 265 3336 c.
280 3281 306 3335 d.
321 3281 394 3335 Vliet
410 3281 413 3351 l
429 3280 472 3334 ita
486 3281 594 3350 Rosc’np
610 3296 656 3348 ap.
671 3279 850 3349 Madcipicm
867 3277 919 3331 illa
933 3281 961 3332 A
978 3277 987 3349 ll
1005 3277 1039 3332 17
1059 3277 1103 3332 do.

88 3351 157 3422 cedo
183 3352 255 3406 ‘eine
279 3352 362 3407 dubio
382 3351 425 3406 A¹
448 3353 602 3406 minuitas
626 3352 725 3406 litteris
746 3352 778 3404 in
800 3351 903 3418 spatio,
928 3349 1000 3418 quod
1023 3350 1105 3404 initio

88 3438 205 3477 causam
222 3422 382 3492 reliquerot'
400 3421 410 3494 Η
428 3422 463 3476 19
480 3421 588 3476 sactum
606 3422 675 3491 ootp.
695 3421 767 3475 facit
780 3421 830 3487 A¹,
848 3420 873 3474 it
890 3421 922 3474 ic
940 3421 1039 3488 litura,
1055 3421 1105 3475 sub

88 3509 145 3617 ppo
162 3494 268 3548 litterae
289 3495 355 3548 tura
372 3494 509 3562 pellacere
528 3493 582 3548 oid.
608 3492 619 3564 ll
642 3491 677 3546 al
700 3492 778 3561 prior
800 3491 837 3546 A¹
861 3507 937 3545 corr.
952 3507 991 3542 ea
1007 3487 1137 3552 prm&

142 3563 217 3617 inter
234 3563 303 3617 vilia
316 3564 433 3633 Lipsius
450 3563 604 3621 inseruitia
619 3565 649 3620 A
