2400 3840
111 236 162 290 AD
178 234 353 290 SERENVM
366 234 416 289 DE
430 233 751 300 TRANQVELITATE
761 234 870 288 ANIMI
882 234 958 291 CAP.
971 241 1003 290 1⁷
1045 240 1111 304 277

93 382 200 447 dinem
230 380 354 447 duabus
382 380 446 446 illis
469 380 558 446 horis
581 379 731 464 ponebat.
778 380 908 465 quidam
932 381 1037 447 medio
1062 383 1112 448 die

92 471 349 536 interiunxerunt
379 474 413 535 et
441 469 477 534 in
505 469 771 554 postmeridianas
801 469 897 535 horas
925 470 1047 556 aliquid
1068 473 1113 537 le

92 561 190 626 vioris
210 581 324 644 operae
343 559 545 624 distulerunt.
582 559 718 624 maiores
733 580 861 643 quoque
878 561 982 625 nostri
995 583 1113 626 novam

91 650 280 715 relationem
307 651 383 732 post
408 649 523 713 horam
553 647 719 713 decumam
741 649 777 712 in
799 651 912 713 senatu
934 649 1005 714 fieri
1027 654 1112 716 veta

62 739 180 806 abant.
225 738 317 803 miles
349 737 478 822 vigilias
506 737 635 820 dividit,
664 741 696 802 et
722 758 789 801 nox
817 737 958 803 inmunis
991 742 1040 804 est
1072 740 1112 804 ab

93 827 296 912 expeditione
319 826 531 892 redeuntium.
576 825 809 912 indulgendum
833 830 883 891 est
904 827 1012 913 animo
1037 828 1113 893 dan-

93 917 234 1001 dumque
258 916 393 981 subinde
417 915 533 999 otium,
562 915 648 1000 quod
672 915 816 980 alimenti
839 937 877 980 ac
899 915 1017 980 virium
1039 918 1112 983 loco

93 1006 142 1070 sit.
190 1009 222 1070 et
243 1005 279 1069 in
301 1004 573 1071 ambulationibus
597 1004 716 1088 apertis
739 1004 937 1090 vagandum,
963 1009 1002 1070 ut
1024 1008 1112 1071 caelo

92 1094 193 1160 libero
224 1098 257 1159 et
285 1096 389 1159 multo
417 1095 533 1178 spiritu
561 1098 677 1179 augeat
700 1095 892 1177 attollatque
916 1115 949 1159 se
973 1094 1113 1177 animus3

48 1211 74 1250 ro
93 1185 264 1268 aliquando
297 1183 436 1249 vectatio
468 1183 594 1267 iterque
626 1188 659 1248 et
691 1186 815 1248 mutata
846 1183 936 1268 regio
968 1183 1112 1269 vigorem

93 1274 215 1339 dabunt
237 1273 468 1358 convictusque
487 1276 519 1337 et
535 1271 700 1337 liberalior
716 1273 816 1356 potio.
852 1295 920 1336 non
937 1294 1113 1356 numquam

92 1367 124 1428 et
155 1385 258 1447 usque
290 1362 330 1426 ad
362 1363 549 1427 ebrietatem
581 1361 787 1445 veniendum,
821 1383 889 1426 non
920 1366 958 1427 ut
989 1366 1114 1448 mergat

91 1473 166 1536 nos,
197 1451 252 1518 sed
284 1455 322 1516 ut
353 1451 526 1535 deprimat3
562 1451 642 1515 eluit
673 1451 759 1516 enim
790 1472 881 1516 curas
911 1455 944 1516 et
976 1451 1015 1515 ab
1047 1451 1112 1516 imo

92 1541 235 1606 animum
264 1543 373 1605 movet
402 1543 434 1604 et
462 1543 500 1605 ut
529 1539 650 1604 morbis
681 1540 872 1623 quibusdam
894 1539 941 1605 ita
963 1541 1113 1606 tristitiae

48 1655 73 1694 15
92 1630 252 1712 medetur,
273 1628 433 1712 Liberque
456 1650 524 1692 non
546 1628 588 1693 ob
611 1627 773 1693 licentiam
792 1629 922 1715 linguae
942 1629 1046 1695 dictus
1065 1633 1114 1695 est
1187 1685 1189 1691 .

92 1719 242 1783 inventor
271 1716 351 1799 vini,
383 1717 439 1781 sed
469 1717 545 1800 quia
573 1717 689 1782 liberat
716 1718 847 1783 servitio
875 1740 1024 1782 curarum
1048 1719 1114 1782 ani-

93 1828 182 1871 mum
215 1808 247 1871 et
279 1805 397 1870 adserit
428 1808 622 1891 vegetatque
654 1810 686 1870 et
718 1806 921 1871 audaciorem
943 1807 978 1872 in
1009 1807 1112 1872 omnis

93 1899 227 1960 conatus
250 1894 335 1959 facit.
373 1895 430 1959 sed
453 1899 491 1960 ut
512 1894 670 1959 libertatis
694 1894 740 1959 ita
762 1895 831 1958 vini
849 1894 987 1960 salubris
1006 1894 1113 1960 mode·
1151 1912 1166 1959 9

92 1984 174 2049 ratio
194 1987 250 2050 est.
284 1981 436 2049 Solonem
450 1981 681 2068 Arcesilanque
695 1983 866 2048 indulsisse
879 1983 955 2048 vino
971 1983 1113 2068 credunt,

48 2099 74 2138 ao
94 2072 208 2138 Catoni
236 2073 371 2138 ebrietas
402 2072 526 2138 obiecta
556 2076 617 2138 est:
646 2073 774 2137 facilius
805 2072 938 2156 efficiet,
968 2072 1113 2157 quisquis

92 2163 211 2229 obiecit
238 2162 280 2246 ei,
312 2162 434 2227 crimen
460 2161 633 2227 honestum
666 2183 762 2245 quam
792 2165 921 2245 turpem
950 2159 1113 2227 Catonem.

55 2316 58 2322 ,
92 2253 148 2318 sed
176 2273 236 2318 nec
265 2273 360 2336 saepe
382 2251 566 2317 faciendum
589 2254 653 2336 est,
683 2273 724 2316 ne
748 2250 874 2315 animus
897 2251 1015 2315 malam
1039 2273 1113 2316 con-

92 2342 295 2407 suetudinem
319 2342 427 2425 ducat,
455 2345 487 2406 et
510 2340 683 2424 aliquando
702 2343 811 2405 tamen
829 2339 865 2404 in
882 2340 1113 2406 exultationem

91 2431 336 2514 libertatemque
372 2429 586 2496 extrahendus
621 2430 787 2513 tristisque
822 2429 977 2494 sobrietas
1010 2452 1113 2495 remo-

48 2542 73 2582 ra
92 2519 195 2583 venda
226 2520 397 2603 paulisper.
448 2541 525 2584 nam
558 2518 625 2585 sive
658 2517 778 2584 Graeco
809 2521 923 2601 poetae
953 2518 1112 2584 credimus
1132 2533 1166 2583 10

93 2607 282 2691 ‘aliquando
320 2610 352 2672 et
388 2608 527 2673 insanire
562 2607 739 2673 iucundum
776 2606 850 2690 est’,
885 2607 951 2672 sive
983 2607 1113 2672 Platoni

94 2697 228 2762 ‘frustra
247 2696 390 2780 poeticas
408 2697 493 2762 foras
512 2718 645 2781 compos
663 2697 715 2761 sui
732 2696 880 2781 pepulit,
903 2697 971 2761 sive
989 2695 1113 2762 Aristo-

182 2853 217 2907 25
236 2853 286 2920 cfr.
301 2854 468 2909 Anacreoat.
485 2859 504 2909 8
522 2855 592 2909 Hor.
607 2871 628 2908 o.
643 2855 695 2910 IV
708 2857 751 2920 12,
765 2858 802 2909 28
819 2853 829 2926 ll
852 2853 888 2908 26
904 2855 978 2909 Plat.
993 2853 1112 2908 Phaedr.

92 2944 114 2980 e.
128 2929 165 2981 22
184 2932 250 2980 extr.
266 2928 390 2993 12245a
407 2924 417 2997 ll
434 2925 469 2980 27
488 2925 602 2981 Aristot.
622 2925 756 2980 Probum.
776 2930 853 2992 30,1

184 3033 198 3088 7
223 3031 351 3086 alimenti
372 3032 400 3086 A
425 3031 459 3101 (ti
476 3037 544 3086 m1
566 3034 599 3086 ia
620 3049 675 3087 raa.
695 3033 784 3100 paolo
806 3033 923 3097 maiorm
945 3032 1006 3085 siue
1028 3031 1112 3085 dubio

91 3106 149 3173 fuit
173 3104 330 3171 alimontia)
355 3103 428 3157 vires
450 3104 589 3158 interdum
611 3119 658 3158 eos
676 3104 753 3171 ipsas
770 3120 814 3158 rea
830 3104 936 3168 uocari,
955 3103 1113 3171 quorcirca

92 3177 172 3231 olant
194 3193 227 3230 ac
248 3177 367 3244 firment,
393 3181 482 3230 mosset
500 3175 583 3230 Gertz
601 3175 660 3229 coll.
682 3173 950 3230 Ooid.art.am.11
965 3177 1019 3228 439
1041 3174 1111 3227 trist.

92 3248 147 3301 111
161 3252 188 3315 8,
202 3252 238 3302 31
261 3253 378 3316 (metam.
393 3246 458 3302 XV
470 3248 533 3316 350)
556 3246 566 3314 ΙΙ
590 3245 625 3300 13
643 3251 710 3314 post
731 3245 802 3299 eluit
820 3245 895 3299 enim
916 3243 998 3298 Gertz
1015 3243 1112 3298 vinum

93 3319 161 3372 addi
184 3320 284 3386 uoluit,
309 3318 382 3387 qood
403 3334 462 3372 noa
482 3324 549 3386 poto
567 3318 763 3372 necessariam:
785 3316 874 3370 atad
891 3317 1002 3384 mergat
1020 3322 1046 3369 et
1064 3315 1111 3368 de-

92 3389 211 3458 primat,
229 3392 271 3445 ito
289 3390 327 3444 ad
346 3389 416 3444 eluit
435 3406 538 3458 quoque
555 3389 670 3443 sabuco
687 3389 744 3443 loco
762 3388 841 3456 potio
855 3387 1038 3456 iatetlepeuda
1050 3392 1090 3440 est
1101 3385 1112 3458 ll

93 3459 127 3515 17
145 3462 315 3530 vegetatque
332 3473 349 3514 ς
368 3461 561 3530 υἱςοὴ“ιι2ᾳυθ
580 3461 656 3515 A¹-²
674 3458 684 3532 Η
700 3458 736 3512 18
754 3457 871 3513 libertas
885 3459 913 3513 A
932 3474 1003 3512 corr.
1014 3459 1127 3520 quiqu

93 3530 129 3585 20
142 3531 217 3585 effici
231 3532 274 3656 &q
281 3531 387 3586 crimen
400 3531 443 3587 Α1
455 3533 502 3587 sed
515 3534 546 3586 ia
560 3547 648 3604 morq.
662 3536 726 3602 post
738 3528 857 3584 essexa
874 3527 914 3582 A*
930 3520 1145 3580 succursuros·

94 3601 220 3671 quisquis
239 3619 255 3656 o
274 3602 344 3657 iecit
361 3603 386 3658 dc
403 3621 473 3662 corr.
489 3604 572 3662 Koch
