2400 3840
63 233 66 238 ,
102 182 128 236 Χ
510 180 716 235 PRAEFATIO

102 331 237 410 potuisse
267 332 340 409 quin
369 330 431 392 suis
461 350 579 408 qnoque
609 330 785 392 coniecturis
816 334 870 392 aut
895 330 998 408 pravis
1027 334 1123 410 pessi·

64 427 65 431 ’
101 441 219 481 ιιιοιιιιιι
243 421 377 482 codicum
400 420 577 481 lectionibus
601 422 732 499 genuina
749 420 841 481 verba
858 421 1042 497 inquinaret,
1059 422 1124 482 iam

101 531 162 570 non
180 511 336 571 miraberis
356 503 423 592 (cfr.
437 531 466 587 p.
482 513 578 586 11‚1;
598 510 717 587 15,103
737 511 982 588 7e,17.18.20;
1001 512 1123 588 82‚18;

103 602 199 677 84,2;
220 597 510 680 105,43207‚1s).
554 601 776 676 peropportune
799 618 871 660 vero
894 600 1016 677 accidit,
1040 601 1124 677 quod

100 690 206 749 multis
228 689 303 749 locis
325 690 358 747 in
380 688 543 748 maioribus
566 688 680 749 rasuris
702 689 818 765 primae
840 707 947 749 manus
970 690 1124 765 scriptura

100 797 161 838 non
184 780 230 838 ita
252 777 350 839 deleta
372 781 430 854 est,
457 780 493 838 ut
521 796 582 837 non
605 779 688 838 certa
709 778 843 854 priorum
865 779 995 856 vestigia
1018 796 1123 855 super·

102 869 176 944 sint,
208 867 312 927 multis
344 866 558 927 consuetudine
588 865 706 926 librarii
732 866 892 946 diligenter
919 866 1079 928 observata
1106 888 1123 928 e

101 974 211 1035 magno
241 976 365 1017 numero
395 956 539 1016 similium
568 955 786 1016 correctionum
814 959 893 1017 certo
922 956 1018 1017 dicere
1040 957 1123 1033 licet,

102 1045 174 1123 quid
197 1045 253 1106 sub
275 1065 381 1106 rasura
404 1046 507 1105 lateat.
554 1045 715 1104 dolendum
737 1048 841 1104 autem
863 1047 922 1122 est,
945 1046 1028 1123 quod
1046 1046 1122 1106 satis

100 1135 197 1195 multa
214 1137 339 1211 restant,
358 1154 436 1212 quae
455 1136 535 1194 certo
554 1135 686 1213 expediri
703 1153 764 1194 non
781 1137 918 1211 possunt,
937 1153 1005 1195 oum
1022 1134 1123 1212 prima

100 1225 250 1301 scriptura
272 1242 392 1300 pessum
415 1223 487 1284 data
509 1225 542 1283 in
564 1223 679 1284 lubrico
703 1242 856 1284 versemur
873 1218 942 1307 (cfr.
955 1245 985 1301 p.
1002 1225 1123 1302 15,10;

69 1341 71 1345 ¹
102 1316 203 1389 79,9;
234 1314 357 1389 105‚4;
386 1314 509 1388 197,7;
538 1315 682 1389 206‚14;
712 1314 834 1390 301‚o;
863 1304 1019 1395 357,16).
1063 1313 1123 1374 hoc

101 1423 195 1462 unum
225 1400 395 1461 addendum
424 1401 552 1479 videtin,
575 1421 594 1461 a
616 1422 708 1462 manu
736 1402 842 1479 quinta
866 1403 965 1461 multa
992 1421 1122 1479 quoque,

100 1509 179 1568 quae
200 1492 369 1568 temporum
391 1490 506 1552 invidia
527 1510 621 1568 paene
645 1494 841 1565 evanuerant,
869 1493 896 1551 si
924 1511 986 1550 non
1009 1491 1122 1569 ubique

101 1574 168 1662 (cfr.
183 1600 212 1657 p.
227 1582 279 1656 34,
291 1582 347 1656 203
371 1581 423 1655 37,
434 1572 482 1661 8),
514 1583 548 1639 at
579 1581 718 1657 plurimis
749 1583 852 1641 tamen
884 1581 957 1641 locis
991 1580 1123 1642 fideliter

99 1669 306 1747 redintegrata
328 1687 399 1729 esse.

40 1759 82 1813 Α6
190 1758 312 1819 Sextum
348 1759 476 1836 denique
511 1777 634 1817 manum
665 1750 738 1840 (sp)
775 1758 908 1818 eiusdem
944 1757 1052 1833 aetatis
1091 1762 1123 1820 et

100 1847 262 1908 atramenti
280 1847 379 1908 colore
397 1847 624 1924 litterarumque
642 1847 746 1907 formis
767 1847 828 1906 fere
847 1847 977 1907 similem
995 1847 1121 1925 quintae

99 1939 163 1998 cod.
185 1937 403 1997 Ambrosianus
435 1954 539 2014 passus
572 1939 625 1997 est.
672 1939 703 1996 et
732 1935 782 1996 hic
814 1936 936 2012 quidem
963 1938 1121 2014 corrector,

100 2046 284 2105 quamquam
306 2027 420 2087 rasuris
443 2044 504 2085 non
521 2045 639 2103 semper
657 2025 801 2101 abstinet,
820 2026 997 2102 plerumque
1017 2028 1122 2086 tamen

100 2133 191 2192 supra
214 2135 334 2176 versum
356 2116 405 2177 vel
427 2114 461 2174 in
482 2115 619 2192 margine
637 2114 779 2175 lectiones
798 2133 867 2175 suas
885 2116 931 2174 ita
950 2114 1122 2192 adscripsit,

99 2207 135 2264 ut
157 2206 235 2282 sigla
253 2207 267 2268 l
288 2197 361 2285 (uel)
389 2204 424 2265 ut
444 2196 551 2284 (ultus)
574 2210 616 2263 cf·
639 2196 856 2285 (corripendum
883 2196 937 2286 est)
964 2204 1007 2264 eis
1034 2224 1121 2280 prae·

98 2295 232 2370 poneret.
277 2292 428 2352 interdum
452 2311 488 2351 ea
509 2293 641 2368 tantum,
670 2311 748 2368 quae
774 2293 837 2352 iam
864 2292 1005 2370 apriore
1027 2313 1122 2354 manu

100 2385 233 2442 correcta
256 2384 350 2457 erant,
372 2383 405 2440 in
426 2381 561 2459 margine
583 2382 703 2459 repetit,
725 2381 876 2442 interdum
893 2382 987 2442 bonas
1006 2401 1121 2444 correc-

98 2473 195 2532 tiones
219 2471 318 2546 affert,
345 2472 431 2532 velut
458 2471 536 2530 illud
558 2474 637 2530 estur
658 2492 688 2548 p.
705 2473 778 2546 124,
794 2473 845 2547 28,
873 2470 1027 2532 interdum
1054 2474 1122 2532 tarn

98 2562 217 2637 ineptas
241 2579 276 2621 ac
298 2559 452 2636 ridiculas,
474 2563 510 2619 ut
533 2558 671 2619 dubitare
694 2561 805 2637 possis,
831 2581 903 2619 num
928 2559 1015 2620 Gertz
1038 2564 1121 2621 recte

98 2650 290 2726 iudicaverit,
317 2650 386 2710 illas
413 2650 508 2710 bonas
530 2649 650 2728 ingenio
673 2651 775 2726 potius
799 2651 862 2710 eius
887 2669 978 2728 quarn
1008 2650 1121 2713 codicis

100 2738 227 2799 alicuius
246 2739 358 2799 auxilio
378 2738 486 2800 deberi.
522 2738 601 2798 hanc
620 2757 739 2816 quoque
757 2757 881 2797 manum
900 2738 1013 2799 scholia
1027 2741 1121 2817 atque

98 2828 367 2905 interpretamenta
388 2829 551 2888 maximam
573 2830 691 2905 partem
713 2827 890 2889 brevissima
913 2829 993 2888 inter
1015 2847 1121 2890 versus

52 2917 334 2994 adscripsisses
324 2938 357 2977 ιιι
379 2920 555 2978 transmrsu
576 2916 752 2976 monuerim.

62 3023 80 3058 a
188 3005 350 3083 Reliquum
378 3010 436 3083 est,
465 3009 501 3066 ut
528 3006 564 3065 de
591 3025 654 3065 una
679 3006 735 3066 illa
759 3008 885 3085 pagina,
914 3025 1006 3084 quum
1028 3024 1121 3084 supra

99 3097 341 3172 commemoravi,
364 3096 428 3156 cod.
442 3096 494 3155 fol.
508 3094 604 3155 XHr.
610 3113 739 3172 ,pauca
761 3096 810 3155 hic
828 3095 1015 3175 subiungam
1049 3114 1120 3156 con·

98 3185 175 3245 tinet
197 3184 302 3245 libriI
324 3184 391 3244 de
383 3204 429 3244 1ra
452 3204 476 3244 c.
496 3187 513 3243 1
535 3187 603 3245 eta
628 3187 659 3244 et
681 3185 793 3261 scripta
816 3188 862 3246 est
883 3204 976 3244 manu
999 3185 1121 3247 diversa

97 3273 130 3332 in
152 3273 265 3352 spatio,
289 3273 371 3350 quod
392 3267 521 3335 vacuum
543 3274 709 3351 reliquerat
729 3273 844 3350 primus
867 3274 1022 3351 librarius,
1050 3294 1120 3335 cum

99 3366 240 3424 sensisset
256 3363 354 3423 multa
371 3364 421 3423 hic
438 3364 471 3423 in
489 3362 589 3422 codice
607 3365 769 3439 archetypo
789 3364 897 3424 deesse.
921 3363 954 3423 id
971 3382 1031 3423 non
1047 3367 1120 3425 ante

99 3470 174 3512 saec.
189 3453 269 3529 XIV,
292 3453 420 3513 fortasse
443 3451 534 3512 etiam
557 3453 675 3513 saeculo
694 3452 750 3511 XV
768 3453 880 3514 facttum
898 3471 961 3514 esse
980 3451 1070 3513 Gertz
1088 3457 1121 3515 et

98 3540 204 3602 Loewe
223 3542 456 3603 consentiebant.
487 3542 565 3602 hanc
582 3559 705 3600 manum
720 3540 808 3628 Gerta
826 3542 929 3602 littera
942 3560 964 3602 u
976 3541 1119 3621 signavit.
