2400 3840
348 707 388 778 L.
416 704 609 779 ANNAEI
638 704 857 779 SENECAE

147 971 149 977 ,
180 882 661 983 nnnceoavn
691 882 911 981 ursan
938 884 1024 982 ru.

497 1057 540 1098 An
554 1055 714 1098 sommum

429 1181 479 1235 DE
499 1179 784 1236 CONSOLATIONE.

184 1450 208 1516 Ι.
247 1450 319 1536 [20]
351 1448 427 1490 ***
459 1455 587 1516 nostrae
620 1472 800 1535 compares,
836 1452 929 1516 firma
961 1455 1050 1535 sunt3
1087 1452 1149 1516 si1

94 1541 221 1626 redigas
249 1541 289 1604 ad
318 1539 538 1604 condicionem
565 1545 699 1605 naturae
727 1541 835 1605 omnia
862 1541 1054 1606 destruentis
1083 1544 1116 1606 et

94 1629 180 1693 unde
199 1628 298 1693 edidit
318 1628 429 1693 ecdem
447 1629 642 1712 revocantis,
665 1629 785 1695 caduca
803 1634 886 1694 sunt.
933 1631 1011 1714 quid
1029 1630 1115 1696 enim

95 1718 276 1782 immortale
295 1738 409 1782 manus
427 1718 580 1782 mortales
599 1718 767 1783 fecerunt?
805 1723 928 1800 septem
945 1719 1003 1783 illa
1021 1720 1115 1784 mira-

65 1807 169 1873 scula
196 1811 229 1871 et
256 1805 285 1870 si
312 1827 376 1889 qua
402 1805 453 1870 his
481 1807 584 1871 multo
613 1807 811 1871 mirabiliora
834 1808 1037 1890 sequentium
1062 1829 1115 1872 an·

94 1918 211 1961 norum
242 1894 384 1960 extruxit
417 1895 551 1960 ambitio
588 1895 761 1978 aliquando
796 1896 866 1960 solo
902 1899 1038 1979 aequata
1069 1896 1115 1960 vi·

96 1989 214 2051 santur.
260 1985 307 2048 ita
325 1988 387 2049 est:
409 1983 493 2049 nihil
510 1988 715 2068 perpetuum,
733 2005 837 2068 pauca
855 1984 1007 2049 diuturna
1025 1988 1114 2069 sunt3

95 2075 183 2139 aliud
214 2074 277 2139 alio
308 2074 404 2138 modo
434 2073 549 2159 fragile
579 2077 641 2157 est,
670 2095 777 2138 rerum
808 2074 913 2138 exitus
940 2073 1115 2159 variantur,

95 2167 237 2230 ceterum
270 2163 425 2247 quicquid
456 2163 562 2247 coepit
595 2166 628 2227 et
659 2161 784 2228 desinit.
830 2162 950 2226 mundo
984 2161 1149 2247 quidama

51 2255 259 2336 ruminantur
294 2253 461 2317 interitum
493 2256 526 2316 ct
556 2252 620 2317 hoc
651 2253 851 2336 universum,
887 2251 974 2336 quod
1006 2252 1115 2318 omnia

95 2343 204 2407 divina
230 2342 434 2426 humanaque
463 2340 701 2426 complectitur,
728 2340 757 2406 si
783 2340 832 2405 fas
859 2346 955 2425 putas
978 2341 1115 2426 credere,

96 2431 163 2495 dies
187 2431 303 2514 aliquis
327 2431 496 2514 dissipabit
519 2431 608 2496 etin
631 2429 852 2495 confusionem
870 2434 1010 2496 veterem
1027 2435 1115 2496 tene·

94 2519 232 2603 brasque
260 2520 437 2606 demerget:
468 2524 519 2584 eat
545 2541 633 2585 nunc
660 2519 777 2603 aliquis
807 2522 839 2584 et
861 2519 1004 2607 singulas
1028 2543 1113 2587 com·

94 2608 201 2692 ploret
228 2609 366 2692 animas,
394 2607 597 2694 Carthaginis
625 2631 663 2674 ac
684 2607 880 2674 Numantiae
904 2608 1114 2693 Corinthique

51 2718 76 2760 rs
95 2697 234 2763 cinerem
257 2701 289 2761 et
312 2698 340 2761 si
359 2697 436 2782 quid
455 2699 542 2763 aliud
561 2698 657 2763 altius
677 2698 792 2763 cecidit
809 2698 1017 2781 lamentetur,
1039 2720 1113 2764 cum

95 2788 192 2852 etiam
205 2787 268 2851 hoc
287 2787 374 2871 quod
392 2788 569 2852 nonhabet
583 2809 647 2872 quc
663 2787 756 2853 cadat
770 2787 813 2851 sit
826 2787 1047 2870 interiturum
1062 2790 1114 2850 eat

95 2877 211 2960 aliquis
235 2879 268 2940 et
289 2875 357 2940 fata
379 2879 504 2940 tantum
528 2875 701 2959 aliquando
723 2876 813 2942 nefas
833 2897 949 2941 ausura
967 2875 1029 2939 sibi
1046 2896 1114 2939 non

94 2966 274 3050 pepercisse
297 2969 520 3048 conqueratur.
566 2964 648 3050 [21]
694 2967 856 3050 quietam
879 2965 1033 3049 superbae
1056 2965 1148 3028 ima

184 3139 200 3194 1
219 3144 270 3195 nie
283 3141 312 3195 B
320 3140 346 3196 G
363 3142 460 3195 nostra
473 3140 505 3195 F
519 3143 571 3194 nra
585 3141 621 3195 Η
637 3141 661 3195 si
675 3145 710 3195 ne
729 3141 766 3210 (=
779 3141 908 3210 naturae)
923 3141 954 3194 D
973 3139 998 3193 si
1010 3139 1071 3193 uite
1085 3139 1116 3193 E

94 3215 163 3267 aaz
181 3211 205 3265 ai
218 3212 278 3266 uite
292 3214 386 3266 nostre
402 3213 427 3267 V
442 3213 603 3267 sententiam
620 3229 747 3267 mancam
762 3214 802 3267 sic
815 3213 903 3281 explet
918 3211 1012 3267 Gertz.-
1030 3209 1114 3265 urbes

96 3297 129 3336 ac
147 3286 329 3338 monumenta
347 3300 414 3338 saxo
434 3285 554 3350 structa,
574 3283 599 3336 si
617 3283 692 3338 vitae
710 3286 823 3338 nostrae
842 3299 987 3352 compares
1008 3281 1018 3354 Η
1038 3281 1056 3336 4
1073 3279 1114 3336 fe·

96 3356 194 3408 cerunt
207 3356 278 3410 DH
281 3355 308 3410 V
320 3362 353 3410 ut
370 3357 440 3410 cont.
460 3355 489 3410 (I.
504 3356 539 3411 F.
553 3355 595 3410 W.
611 3356 717 3410 Mdller
734 3354 853 3409 fecerint
868 3355 891 3410 C
907 3354 917 3426 l}
936 3354 955 3408 9
973 3351 1078 3407 desinit
1092 3351 1116 3408 0

96 3423 205 3485 desinet
214 3427 245 3480 F
259 3425 269 3498 ll
287 3426 322 3481 15
341 3426 420 3481 alind
439 3426 524 3481 altius
539 3426 564 3482 0
580 3425 666 3480 altius
687 3426 753 3480 GH
766 3425 777 3498 [l
794 3425 830 3480 16
848 3426 936 3480 etiam
952 3425 1011 3478 hoc
1021 3425 1046 3476 <i
1060 3424 1125 3471 lm

96 3495 183 3550 etiam
197 3498 228 3551 F
242 3495 252 3569 Η
270 3497 305 3552 18
324 3499 512 3568 conqueratur
531 3497 555 3555 (l
578 3499 717 3568 queratur
730 3497 759 3550 a*
