2400 3840
197 211 247 266 AD
267 209 461 266 PAVLINVM
478 210 528 265 DE
546 210 756 266 BREVITATE
771 211 883 266 VITAE
902 210 979 267 cAP.
995 217 1011 267 3
1048 215 1114 282 283

96 361 251 443 quantum
286 379 451 423 servorum
486 356 650 441 coercitio,
685 361 841 441 quantum
876 357 1022 424 officiosa
1057 380 1115 442 per

95 448 209 513 urbem
233 446 438 530 discursati03
465 445 555 513 adice
577 446 723 529 morbos,
745 467 826 529 quos
849 468 947 513 manu
969 447 1114 531 fecimus,

95 536 184 601 adice
217 539 249 601 et
282 536 369 619 quod
401 535 470 601 sine
499 557 562 601 usu
590 535 703 600 iacuit:
732 535 856 600 videbis
886 539 917 601 te
947 537 1114 620 pauciores

94 647 195 691 annos
227 625 344 690 habere
368 646 464 708 quam
487 645 645 689 numeras.
690 628 798 708 repete
821 626 976 690 memoria
997 630 1149 710 tecum,s

64 715 223 798 equando
252 717 357 780 certus
386 713 513 779 consilii
541 713 654 797 fueris,
683 718 800 797 quotus
829 713 964 798 quisque
988 715 1055 780 dies
1078 719 1116 780 ut

95 803 311 870 destinaveras
343 801 547 887 processerit,
580 803 708 885 quando
740 802 802 867 tibi
833 824 910 867 usus
937 803 987 867 tui
1009 804 1115 888 fuerit,

97 893 225 976 quando
249 892 284 956 in
305 896 392 957 statu
411 914 469 957 suo
489 893 611 975 voltus,
634 892 762 976 quando
782 892 907 957 animus
926 892 1115 977 intrepidus,

96 981 173 1064 quid
201 981 262 1046 tibi
292 981 326 1045 in
354 985 422 1046 tam
450 983 550 1068 longo
583 1003 661 1046 aevo
690 980 769 1046 facti
799 981 904 1065 operis
933 981 988 1064 sit,
1018 1002 1116 1065 quam

94 1069 191 1134 multi
222 1071 322 1135 vitam
354 1074 445 1135 tuam
474 1069 665 1154 diripuerint
693 1074 726 1135 te
755 1091 822 1134 non
852 1068 1007 1135 sentiente
1038 1071 1116 1154 quid

51 1158 256 1243 rependeres,
287 1164 444 1243 quantum
471 1180 573 1224 vanus
597 1159 703 1243 dolor,
732 1159 832 1224 stulta
853 1159 990 1242 laetitia,
1022 1159 1116 1224 avida

95 1248 272 1334 cupiditas,
288 1249 407 1314 blanda
424 1249 625 1314 conversatio
644 1248 827 1332 abstulerit,
846 1269 943 1331 quam
962 1248 1114 1334 exiguum

95 1338 155 1402 tibi
179 1338 218 1403 de
236 1341 293 1403 tuo
313 1338 461 1403 relictum
481 1338 536 1404 sit:
558 1338 726 1424 intelleges
744 1341 776 1402 te
795 1337 993 1402 inmaturum
1011 1337 1116 1401 mori.'

95 1427 173 1510 quid
209 1449 286 1514 ergo
323 1430 372 1491 est
408 1427 443 1491 in
479 1427 596 1492 causa?
650 1431 805 1510 tanquam
841 1448 967 1511 semper
997 1427 1151 1493 victoria

94 1515 217 1599 vivitis,
240 1536 418 1598 numquam
441 1516 534 1580 vobis
553 1515 711 1601 fragilitas
730 1521 838 1582 vestra
856 1516 1028 1600 succurrit,
1048 1538 1116 1581 non

50 1627 76 1667 ro
96 1605 287 1688 observatis,
315 1609 472 1687 quantum
495 1605 560 1667 iam
583 1606 738 1689 temporis
761 1605 938 1689 transierit3
964 1606 1054 1671 velut
1076 1627 1116 1670 ex

94 1695 191 1777 pleno
222 1696 254 1757 et
275 1692 451 1757 abundanti
474 1692 622 1776 perditis,
652 1715 726 1757 cum
749 1693 877 1758 interim
900 1694 1037 1760 fortasse
1060 1693 1116 1759 ille

95 1784 164 1865 ipse
184 1782 240 1865 qui
258 1781 380 1864 aliquoi
397 1782 450 1846 vel
466 1780 592 1846 homini
609 1783 661 1846 vel
678 1782 725 1846 rei
744 1782 882 1846 donatur
900 1782 967 1848 dies
981 1782 1115 1847 [altimus

91 1872 145 1936 sit.
183 1871 291 1935 omnia
313 1873 479 1955 tamquam
496 1871 647 1935 mortales
665 1871 801 1954 timetis,
823 1871 932 1935 omnia
948 1874 1115 1955 tamquam

95 1960 293 2024 immortales
328 1959 564 2044 concupiscitis.
617 1959 726 2025 audies
759 1960 930 2043 plerosque
960 1959 1150 2024 dicenteszo

50 2071 76 2111 sc
96 2049 130 2114 ‘a
153 2048 419 2135 quinquagesimo
438 2070 522 2113 anno
541 2049 576 2113 in
595 2048 697 2113 otium
717 2049 876 2130 secedam,
898 2046 1115 2133 sexagesimus

95 2161 146 2204 me
187 2159 290 2204 annus
332 2138 371 2202 ab
409 2138 525 2204 officiis
564 2137 725 2203 dimittet?
784 2141 816 2202 et
853 2158 949 2221 quem
984 2136 1115 2201 tandem

93 2228 250 2314 longioris
264 2228 349 2293 vitae
363 2228 514 2312 praedem
528 2227 669 2311 accipis?
707 2225 778 2310 quis
797 2226 860 2292 ista
874 2225 957 2290 sicut
965 2226 1114 2312 ,disponis

95 2318 141 2381 ire
169 2316 332 2402 patietur?
376 2339 444 2382 non
470 2317 571 2401 pudet
597 2320 630 2381 te
651 2315 803 2401 reliquias
826 2315 912 2380 vitae
934 2314 994 2379 tibi
1016 2337 1115 2380 reser-

94 2428 169 2470 vare
192 2410 225 2470 et
247 2407 280 2470 id
304 2407 408 2471 solum
432 2411 559 2491 tempus
582 2406 686 2470 bonae
708 2405 810 2470 menti
833 2403 1005 2488 destinare,
1028 2405 1115 2488 quod

51 2514 76 2554 as
95 2493 131 2557 in
152 2495 274 2558 nullam
298 2517 367 2560 rem
390 2495 529 2560 conferri
551 2494 678 2579 possit?
716 2516 813 2579 quam
835 2515 942 2559 serum
966 2497 1015 2558 est
1036 2497 1116 2560 tunc

95 2583 201 2647 vivere
225 2582 379 2667 incipere,
402 2605 475 2649 cum
495 2584 704 2650 desinendum
722 2583 793 2648 est?
830 2603 911 2667 quae
928 2586 996 2647 tam
1016 2584 1115 2648 stulta

95 2671 299 2737 mortalitatis
320 2672 439 2737 oblivio
458 2673 493 2738 in
512 2673 815 2758 quinquagesimum
833 2675 865 2737 et
879 2672 1115 2758 sexagesimum

95 2781 215 2824 annum
229 2759 355 2826 differre
370 2783 447 2826 sana
460 2762 595 2827 consilia
609 2765 641 2827 et
654 2762 728 2826 inde
742 2763 824 2826 velle
838 2760 938 2826 vitam
954 2761 1115 2844 inchoare,

95 2872 160 2934 quo
183 2850 279 2933 pauci
300 2850 539 2933 perduxerunt?

94 3020 190 3062 reuss
207 3023 251 3061 res
270 3007 406 3063 Schultess
426 3006 437 3080 ΗΗ
458 3007 476 3062 3
495 3007 576 3062 adice
595 3010 625 3062 et
643 3008 718 3076 quod
735 3009 831 3063 Haase
850 3007 930 3061 adice
949 3007 1025 3075 quod
1045 3008 1073 3060 et
1087 3009 1115 3060 A

95 3079 151 3133 adi.
181 3079 257 3146 quod
276 3078 336 3133 eius
352 3079 434 3134 Gertz
453 3078 509 3133 adi.
533 3080 609 3147 quod
624 3079 686 3134 aevi
699 3079 836 3135 Sobattsss
849 3079 910 3147 (cfr.
921 3079 988 3133 dict.
999 3078 1049 3132 IX
1060 3081 1115 3144 2,6.

93 3167 120 3219 p.
134 3154 200 3217 247,
212 3154 249 3206 28
267 3157 293 3205 et
309 3154 373 3217 248,
388 3153 415 3219 1)
434 3150 437 3222 Η
458 3153 488 3205 te
505 3151 574 3221 oola.
590 3151 613 3205 dr
626 3152 655 3206 A
672 3149 682 3224 ΗΗ
699 3149 718 3204 5
731 3153 834 3218 quotus
848 3167 917 3205 corr.
932 3166 966 3204 cc
980 3150 1059 3203 cotue
1073 3147 1116 3203 A¹

95 3222 193 3276 deinde
206 3221 249 3277 A⁶
266 3221 276 3294 ΗΗ
293 3221 312 3275 6
329 3222 497 3290 processerit
514 3222 596 3277 Gertz
614 3222 761 3277 recesserit
774 3224 802 3275 A
820 3220 830 3294 ΗΗ
848 3221 883 3275 la
901 3219 956 3274 tibi
972 3237 993 3275 s.
1008 3237 1033 3275 o.
1049 3220 1113 3274 add.

94 3294 177 3363 A⁸(?)
187 3291 196 3363 ΗΗ
209 3293 245 3348 16
254 3293 373 3362 perditis
382 3294 410 3348 A
424 3293 579 3362 inpenditis
590 3294 669 3348 Kocb
681 3293 834 3361 impertitis
846 3292 982 3347 Schultess
994 3290 1004 3363 ΗΗ
1017 3290 1052 3344 17
1063 3289 1114 3344 ali·

94 3364 163 3431 quoi
177 3365 259 3420 Gertz
278 3365 373 3434 aliquo
385 3364 428 3420 A¹
442 3364 527 3418 alicui
537 3364 579 3419 A⁶
591 3363 601 3436 ΗΗ
619 3364 655 3418 18
670 3364 706 3419 sit
720 3366 748 3420 A
766 3365 816 3431 cfr.
832 3364 899 3418 dial.
914 3364 964 3418 IV
976 3366 1054 3429 27‚2
1071 3364 1115 3416 est

100 3435 260 3507 Weseabcry
280 3437 285 3522 Η
304 3437 349 3492 Dc
367 3438 455 3491 verbis
474 3436 568 3490 omnia
581 3437 728 3504 tamquam
745 3452 781 3489 m.
791 3436 813 3488 t.
826 3435 888 3488 cide
902 3450 971 3503 qaae
984 3434 1115 3488 diam

96 3505 178 3561 Gertz
194 3508 227 3562 ia
240 3508 303 3563 edat.
318 3514 345 3562 ct
359 3508 420 3564 Job.
432 3509 538 3563 Mdtter
550 3509 582 3562 ἐπ
595 3509 665 3562 actis
678 3507 758 3562 acad.
771 3507 888 3562 Vicdob
896 3505 1041 3560 GKVOE
1048 3509 1125 3553 &aaa

91 3593 121 3646 p.
130 3580 167 3632 20
177 3576 189 3649 ΗΗ
202 3578 237 3632 1s
252 3579 456 3650 concupiscetis
466 3581 495 3637 A
508 3596 582 3638 corr.
594 3597 611 3637 o
626 3577 744 3653 baim
755 3583 821 3647 poa
832 3576 916 3630 §aaut
927 3573 1017 3624 (aeas
1024 3570 1070 3616 ‘aa
1080 3563 1145 3611 abb
