2400 3840
259 193 309 247 AD
329 191 544 248 GALLIONEM
562 192 611 246 DE
630 191 719 246 VITA
736 191 859 246 ΒΕΑΤΑ
878 191 1003 247 OAP.13
1076 196 1141 263 209

123 361 164 404 ne
182 338 345 424 resurgere
364 337 494 422 quidem
507 338 532 421 †
546 337 779 402 adulescentiae
791 339 881 422 licet,
900 359 974 404 cum
987 338 1141 406 honestus

123 429 212 513 turpi
234 426 372 493 desidiae
394 426 509 492 titulus
533 427 674 492 accessit.
710 426 773 492 hoc
796 430 844 492 est
867 449 924 493 cur
945 428 1008 494 ista
1030 429 1142 514 volup·

122 517 198 584 tatis
229 516 373 582 laudatio
405 514 586 600 perniciosa
617 516 674 598 sit,
707 516 782 599 quia
813 517 949 582 honesta
971 522 1142 603 praecepta

122 607 207 671 intra
228 607 346 688 latent,
369 604 456 689 quod
479 605 670 688 corrumpit,
694 609 835 689 apparet.

91 733 103 773 s
211 710 297 777 ΧΙΠ.
334 709 374 775 In
396 733 433 775 ea
456 710 585 795 quidem
607 710 677 794 ipse
700 712 857 777 sententia
880 735 951 778 sum
969 751 1009 759 -
1031 713 1176 780 invitisr

121 803 185 867 hoc
207 800 333 867 nostris
349 800 560 884 popularibus
584 799 688 865 dicam
712 837 754 846 -
778 804 888 866 sancta
909 800 1087 885 Epicurum
1111 806 1142 867 et

122 893 210 955 recta
238 889 420 974 praecipere
448 892 494 972 et,
523 889 551 954 si
577 889 711 973 propius
735 890 919 973 accesseris,
945 890 1063 974 tristia3
1086 913 1143 955 vo-

121 980 230 1062 luptas
249 979 335 1043 enim
352 978 410 1042 illa
428 978 468 1043 ad
485 1000 621 1063 parvum
640 981 672 1042 et
690 978 772 1042 exile
790 982 958 1044 revocatur
977 982 1022 1063 et,
1045 1001 1143 1063 quam

122 1090 182 1133 nos
211 1067 325 1132 virtuti
355 1068 460 1154 legem
492 1067 643 1150 dicimus,
674 1089 744 1131 eam
774 1068 829 1131 ille
860 1067 939 1133 dicit
967 1068 1142 1151 voluptati:

77 1179 103 1219 ιο
121 1157 211 1222 iubet
237 1156 327 1222 illam
350 1179 461 1241 parere
483 1160 629 1240 natiuae,
656 1178 771 1240 parum
795 1160 844 1222 est
866 1160 973 1222 autem
995 1157 1142 1222 luxuriae

122 1245 209 1330 quod
230 1249 367 1327 naturae,
387 1247 464 1312 satis
489 1248 544 1312 est.
592 1245 669 1329 quid
692 1267 768 1331 ergo
793 1245 863 1312 est?
903 1247 972 1330 ille,
996 1246 1141 1330 quisquis
1160 1263 1176 1311 2

122 1335 316 1401 desidiosum
341 1335 443 1400 otium
467 1339 500 1399 et
520 1335 614 1421 gislae
633 1356 671 1400 ac
687 1335 831 1401 libidinis
849 1336 935 1402 vices
953 1335 1141 1401 felicitatem

121 1429 229 1507 vocat,
250 1424 374 1490 bonum
396 1424 499 1489 malae
522 1424 568 1488 rei
592 1423 717 1507 quaerit
739 1428 902 1490 auctorem
922 1428 968 1509 et,
990 1447 1063 1491 cum
1082 1426 1140 1490 illo

121 1514 210 1578 venit
225 1512 345 1578 blando
364 1513 494 1577 nomine
512 1513 676 1595 inductus,
695 1514 839 1596 sequitur
857 1515 1056 1599 voluptatem
1075 1536 1142 1579 non

76 1622 102 1662 rs
122 1624 219 1686 quam
243 1601 345 1683 audit,
369 1601 423 1666 sed
448 1622 544 1684 quam
568 1601 691 1684 attulit,
713 1605 745 1665 et
767 1603 847 1667 vitia
866 1626 923 1669 sua
942 1625 1015 1669 cum
1035 1604 1142 1687 coepit

121 1694 235 1772 putare
270 1689 389 1754 similia
420 1689 613 1772 praeceptis,
646 1689 793 1774 indulget
824 1691 889 1756 illis
919 1714 986 1756 non
1019 1693 1142 1775 timide,

121 1798 181 1842 nec
205 1777 338 1842 obscure
359 1777 542 1842 luxuriatur
564 1777 694 1842 setiam
713 1779 787 1843 inde
805 1783 915 1862 aperto
935 1781 1046 1863 eapite.
1084 1781 1142 1844 ita·

123 1887 185 1949 que
221 1887 289 1931 non
326 1865 443 1948 dicam,
482 1865 568 1950 quod
604 1866 749 1950 plerique
785 1871 984 1950 nostrorum
1021 1872 1141 1933 sectam

121 1954 256 2038 Epicuri
287 1954 485 2040 flagitiorum
516 1955 704 2040 magistram
736 1977 817 2039 esse,
854 1955 909 2020 sed
940 1956 1022 2020 illud
1055 1956 1141 2021 dieo:

77 2065 103 2106 ao
122 2045 205 2109 male
233 2044 336 2127 audit,
365 2043 494 2109 infamis
522 2047 584 2126 est,
618 2047 650 2108 et
677 2044 835 2109 inmerito.
886 2044 949 2110 hoc
977 2045 1057 2110 scire
1085 2045 1176 2127 quie

121 2137 228 2217 potest
259 2133 323 2199 nisi
358 2132 492 2198 interius
526 2131 708 2198 admissus?
760 2133 850 2199 frons
883 2133 951 2199 eius
983 2134 1054 2218 ipsa
1086 2133 1142 2199 dat

119 2224 228 2289 locum
251 2222 379 2287 fabulae
402 2225 434 2287 et
457 2221 497 2287 ad
520 2222 638 2287 malam
657 2244 746 2307 spem
765 2223 884 2287 inritat.
921 2223 984 2289 hoc
1002 2224 1066 2288 tale
1084 2227 1141 2310 est,

122 2312 215 2396 quale
238 2312 288 2377 vir
310 2310 404 2377 fortis
428 2311 545 2377 stolam
569 2310 713 2377 indutus:
744 2315 870 2378 constat
891 2312 953 2377 tibi
976 2312 1141 2399 pudicitia,

212 2503 369 2575 sjnpnns
386 2505 424 2570 fr.
438 2507 492 2560 rec
511 2505 557 2563 us.

211 2627 227 2683 1
247 2627 438 2700 adulescentie
452 2629 478 2681 A
493 2627 703 2683 erubescentiae
715 2629 834 2699 Mudciq
848 2627 1045 2697 displicentiae
1058 2629 1140 2686 Gertz

122 2698 351 2754 adlubescentiae
369 2700 530 2769 Petscheniy
552 2699 716 2754 adulatione
734 2699 871 2770 gliscente
889 2699 1026 2756 Schultess
1044 2700 1139 2756 abole-

121 2771 211 2826 scenti
229 2770 422 2840 paenitentiae
441 2771 477 2824 E.
495 2771 612 2825 ltnenus
630 2769 675 2842 115
693 2771 754 2840 ipse
770 2771 872 2827 &mter
888 2770 953 2840 ipsa
966 2773 994 2827 A
1011 2771 1022 2845 ΙΙ
1041 2773 1055 2827 l
1074 2789 1139 2841 pro-

120 2843 209 2912 pitius
228 2841 379 2897 accesseris
396 2841 516 2895 tristitia
529 2845 556 2894 A
574 2857 643 2897 cerr.
657 2843 725 2912 coln.
769 2840 804 2897 11
822 2842 872 2897 ille
889 2859 952 2898 ceren
970 2844 1140 2899 antecedenti

120 2915 345 2984 netenooatlcnts
369 2914 447 2982 ss'pnc
472 2914 504 2966 tn
526 2914 587 2981 lpse
612 2929 692 2968 versu
751 2916 778 2968 d.
797 2913 839 2966 A’
855 2955 865 2981 ,
883 2931 945 2969 eum
958 2914 1000 2968 A¹
1017 2916 1139 2982 spetlum

120 3003 238 3041 cccrum
256 2986 410 3054 reliquisset
425 2982 436 3056 ll
458 2983 493 3038 le
511 2999 575 3037 cum
589 2984 709 3053 Mcdnlp
727 2984 795 3038 dum
808 2986 834 3037 A
852 2984 863 3058 ll
882 2985 919 3039 14
934 2985 1097 3053 uoluptates
1111 2986 1139 3038 A

120 3074 189 3113 corr.
202 3057 271 3128 uolp.
289 3056 300 3129 ΙΙ
317 3056 352 3112 ll
371 3056 415 3111 set
431 3054 489 3109 iam
507 3054 575 3109 inde
591 3054 672 3110 Gertz
690 3055 776 3109 etiam
789 3055 857 3110 inde
870 3058 897 3110 A
916 3056 966 3111 sed
979 3056 1037 3109 iam
1052 3055 1139 3109 audet

120 3127 257 3184 Schultess
285 3127 288 3200 l
312 3126 348 3182 18
371 3127 495 3181 dicams
513 3126 612 3181 dicunt
625 3128 651 3180 A
670 3126 734 3181 dico
751 3127 820 3196 coln.
843 3126 854 3200 ll
877 3127 913 3182 20
935 3126 1049 3180 infamis
1067 3127 1137 3197 culp.

120 3199 214 3254 infans
227 3202 255 3254 A
301 3199 330 3254 et
347 3198 479 3253 inmerito
493 3199 521 3251 A
538 3212 590 3254 nec
607 3197 739 3253 inmerito
755 3197 837 3253 Gertz
853 3214 911 3254 non
929 3198 1006 3264 tene,
1023 3200 1090 3266 quic
1106 3198 1138 3252 ul

120 3271 193 3339 cuod
210 3287 262 3340 seq.
285 3271 340 3326 hoe
361 3287 418 3326 nen
435 3269 516 3325 lebet
532 3286 585 3338 quo
603 3270 746 3336 referetur.
777 3285 826 3324 nec
843 3271 933 3340 nupia
945 3269 1047 3338 probo,
1065 3269 1138 3337 quod

121 3342 305 3398 Reitzenstein
314 3342 471 3411 preponnt,
484 3341 551 3396 naec
564 3341 619 3395 deco
632 3341 714 3396 unta
726 3340 884 3396 aduersario
898 3341 1038 3408 Epicureo
1051 3340 1136 3394 tn'tu·

121 3412 193 3468 endu
210 3429 281 3481 esse,·
301 3419 370 3468 certe
386 3412 558 3468 contendum
577 3417 637 3467 nat
658 3413 702 3465 ‘at
720 3411 865 3466 inmerito'
887 3453 895 3478 ,
914 3412 986 3481 qnod
1003 3411 1139 3467 Reineclre

121 3483 218 3539 suadet
222 3504 233 3551 ;
245 3484 293 3540 sed
305 3485 348 3538 nll
360 3483 531 3539 mnwndnnu
551 3483 601 3549 cfr.
611 3483 748 3539 Schultess
762 3483 840 3537 Ann.
853 3483 931 3538 stud.
946 3498 979 3548 p.
989 3479 1126 3547 aotam&
1135 3478 1165 3522 A

122 3553 216 3622 quies
234 3561 259 3610 et
271 3556 339 3625 nolp.
357 3554 369 3627 Η
385 3552 421 3608 13
436 3554 548 3609 constat
563 3554 685 3628 Modo-tp
706 3553 861 3611 constanti
877 3555 904 3606 A
921 3551 1069 3604 constans
1077 3537 1187 3594 Ponit

167 3658 286 3704 saraca
297 3668 382 3708 orrens
396 3663 417 3705 1.
430 3663 449 3705 1.
460 3662 644 3710 censensu
933 3660 983 3710 &A
