2400 3840
103 195 170 260 270
300 191 330 246 L.
345 189 488 245 ANNAEI
506 189 670 245 SENECAE
688 189 784 245 DlAL.
798 190 866 245 LIB.
879 188 927 245 IX„

69 356 83 402 1
192 334 279 401 XIII.
316 335 389 402 Hoc
408 340 552 402 secutum
570 339 650 420 puto
665 335 887 401 Democritum
906 336 952 400 ita
965 337 1126 421 coepisse:

103 427 175 510 ‘qui
202 427 376 509 tranquille
403 426 491 490 volet
517 425 638 508 vivere,
665 447 726 491 nec
747 425 899 510 privatim
922 429 998 511 agat
1021 427 1128 492 multa

101 536 161 580 nec
190 514 344 599 publioe',
373 516 413 580 ad
440 535 638 598 supervacua
665 514 788 580 seilicet
814 515 1019 580 referentm:
1048 538 1126 581 nam

103 604 131 669 si
152 605 331 670 necessaria
354 607 442 687 sunt,
470 607 503 668 et
524 603 676 688 privatim
699 608 732 668 et
754 603 883 688 publice
906 626 972 669 non
994 607 1126 671 tantum

101 694 205 758 multa
228 693 283 758 sed
305 693 551 758 innumerabilia
573 692 697 779 agenda
715 696 804 775 sunt3
827 693 883 758 ubi
901 714 977 758 vero
995 695 1126 760 nullum
1154 713 1166 755 s

66 800 82 848 2
102 782 246 848 officium
268 784 424 848 sollemne
446 803 506 847 nos
530 782 621 866 citat,
644 781 836 847 inhibendae
858 782 1010 848 actiones.
1048 807 1126 850 nam

102 873 158 955 qui
187 873 291 936 multa
320 872 400 958 agit,
432 893 527 955 saepe
556 872 705 937 fortunae
733 875 926 955 potestatam
956 873 1008 936 sui
1036 873 1126 959 facit,

101 982 198 1045 quarn
230 962 427 1027 tutissimum
459 964 509 1025 est
539 982 611 1025 raro
642 961 793 1044 experiri,
825 964 966 1027 ceterum
995 982 1127 1047 semper

100 1051 139 1115 de
169 1051 226 1115 illa
256 1050 398 1136 cogitare
426 1052 458 1115 et
484 1048 568 1114 nihil
595 1049 658 1115 sibi
681 1049 720 1114 de
742 1049 806 1114 fide
828 1050 897 1115 eius
920 1050 1125 1133 promittere:

101 1139 289 1225 tnauigabo,
311 1139 374 1203 nisi
398 1139 426 1204 si
449 1139 527 1223 quid
549 1138 714 1204 inciderit'
733 1142 765 1203 et
785 1139 928 1223 ‘praetor
945 1140 1038 1224 fiam,
1059 1141 1126 1206 nisi
1143 1161 1166 1201 ro

100 1229 128 1293 si
152 1229 230 1312 quid
254 1228 431 1292 obstiterit'
454 1231 486 1292 et
505 1226 699 1312 ‘negotiatio
718 1227 800 1293 mihi
816 1228 1037 1314 respondebit,
1059 1231 1126 1295 nisi

65 1318 128 1384 ssi
161 1317 239 1401 quid
270 1316 501 1382 intervenerit'.
551 1316 615 1382 hoc
648 1321 699 1383 est
733 1338 830 1400 quare
865 1317 1003 1402 sapienti
1040 1319 1125 1384 nihil

100 1410 213 1472 contra
236 1407 421 1489 opinionem
444 1406 587 1470 dicamus
610 1406 766 1471 accidere:
789 1429 856 1472 non
878 1408 971 1472 illum
995 1408 1125 1474 casibus

99 1494 268 1558 hominum
292 1495 493 1578 excerpimus
518 1494 573 1559 sed
596 1495 772 1579 erroribus,
797 1517 857 1561 nec
880 1496 929 1560 illi
952 1496 1065 1562 omnia
1087 1501 1126 1562 ut

2 1598 6 1605 ·
99 1583 204 1649 voluit
233 1583 363 1668 cedunt,
393 1584 449 1649 sed
475 1587 513 1648 ut
535 1586 704 1670 cogitavit3
733 1584 880 1670 inprimis
904 1588 1012 1651 autam
1036 1587 1165 1673 cogi-15

99 1673 182 1736 tavit
211 1672 334 1756 aliquid
362 1695 458 1757 posse
486 1674 662 1758 propositis
693 1673 759 1738 suis
789 1675 944 1740 resistere.
990 1697 1124 1741 necesse

100 1766 149 1826 est
166 1765 274 1827 autem
292 1762 395 1827 levius
415 1763 454 1827 ad
474 1764 617 1828 animum
632 1763 798 1847 pervenire
812 1763 985 1829 destitutae
998 1764 1124 1849 cupidi-

99 1851 175 1917 tatis
199 1851 356 1936 dolorem,
380 1852 432 1917 cui
456 1873 637 1918 successum
659 1874 727 1917 non
748 1852 861 1936 utique
883 1853 1082 1937 promiseris.

64 1976 78 2024 1
188 1957 275 2024 XIV.
311 1957 435 2024 Faciles
459 1960 556 2024 etiam
573 1980 633 2024 nos
651 1959 756 2023 facere
775 1958 940 2044 debemus,
962 1982 1004 2024 ne
1023 1982 1123 2027 mrms

98 2048 265 2113 destinatis
288 2049 383 2113 rebus
406 2049 643 2134 indulgeamus,
667 2052 931 2133 transeamusque
953 2048 989 2112 in
1011 2071 1066 2133 ea,
1087 2051 1124 2114 in
1140 2069 1167 2110 ro

99 2159 181 2220 quae
203 2158 263 2202 nos
287 2158 379 2202 casus
403 2138 586 2221 deduxerit,
607 2157 667 2201 nec
689 2138 901 2203 mutationem
924 2141 982 2202 aut
1003 2139 1123 2204 consili

98 2229 154 2290 aut
173 2230 275 2291 status
294 2226 572 2310 pertimescamus,
594 2226 768 2290 dummodo
786 2248 846 2291 nos
863 2227 993 2310 levitas,
1013 2227 1123 2292 inimi·

98 2315 262 2380 cissimum
282 2315 383 2398 quieti
401 2315 531 2398 vitium,
548 2337 616 2380 non
629 2314 776 2399 excipiat.
807 2338 883 2380 nam
897 2319 930 2380 et
942 2316 1123 2400 pertinacia

97 2424 226 2468 necesse
250 2407 298 2469 est
321 2404 416 2468 anxia
439 2407 471 2468 et
493 2405 610 2469 misera
633 2404 688 2488 sit,
716 2404 769 2469 cui
791 2404 922 2470 fortuna
944 2426 1040 2490 saepe
1063 2406 1122 2471 ali·

99 2492 176 2575 quid
207 2496 388 2577 extorquet,
417 2497 450 2558 et
477 2493 592 2557 levitas
619 2494 724 2557 multo
749 2495 878 2579 gravior
899 2514 1062 2579 nusquam
1086 2517 1122 2561 se
1139 2514 1164 2556 rs

98 2581 275 2646 continens.
329 2585 503 2667 utrumque
536 2582 690 2647 Infestum
725 2586 774 2647 cst
807 2583 1054 2668 tranquillitati,
1088 2588 1123 2649 at

62 2669 180 2736 anihil
207 2674 332 2735 mutare
360 2693 456 2755 posse
486 2675 518 2736 et
546 2672 630 2736 nihil
657 2672 736 2755 pati.
781 2672 893 2755 utique
923 2672 1051 2737 animus
1079 2674 1121 2739 ab

98 2760 246 2824 omnihus
276 2760 415 2826 externis
445 2762 479 2824 in
509 2782 543 2826 se
572 2760 770 2826 revocandus
794 2764 855 2826 est:
883 2761 944 2827 sibi
967 2763 1122 2847 confidat,

98 2850 602 3023 {tellitetntilli,
615 2849 747 3004 tihi
766 2852 1121 3025 ltltllltlhl
1139 2961 1166 3002 a

61 3045 77 3092 3
97 3028 229 3093 adversa
242 3029 380 3114 hemgne
394 3029 629 3111 interpretetur.
659 3029 809 3093 nuntiato
822 3028 992 3114 naufragio
1006 3026 1121 3096 Zenon

187 3222 203 3276 1
222 3222 376 3277 Democriti
393 3220 429 3287 fr.
444 3225 462 3276 3
476 3221 557 3276 Diels
575 3223 636 3291 (163
650 3223 729 3292 Not.)
747 3222 797 3289 cfr.
812 3222 880 3276 dial.
896 3222 923 3275 V
936 3225 995 3290 6,3

186 3346 202 3400 1
222 3347 347 3416 coepisse
365 3347 433 3472 oolp.
453 3346 561 3415 cepisse
574 3347 603 3401 A
620 3346 798 3415 praecepisse
812 3347 892 3401 Koch
914 3345 924 3419 Η
950 3345 965 3400 7
984 3345 1121 3404 fortunas

95 3419 164 3488 oolp.
184 3417 298 3472 fortuna
316 3419 344 3473 A
366 3417 376 3491 ll
420 3417 640 3473 lmutationam
659 3418 778 3488 Madoc‘y
795 3417 952 3473 mutatione
971 3417 1026 3491 ΑΙ
1052 3435 1121 3475 con·

82 3489 151 3615 1221
159 3489 379 3619 Jeqlpmqqpsilia
396 3491 425 3545 A
449 3489 459 3564 ll
483 3490 518 3545 27
541 3492 570 3544 et
592 3489 665 3544 nihil
688 3489 940 3558 <immutatum>
957 3488 1022 3558 pati
1045 3493 1121 3547 coni.
