2400 3840
267 160 318 214 DE
337 158 569 215 CONSTANTIA
588 158 776 216 SAPIENTIS
796 160 873 218 OAP.
889 167 922 216 19
1061 165 1106 230 45

85 305 295 390 contrarium
318 328 375 371 vos
406 305 492 370 enim
521 327 590 371 rem
619 305 745 392 geritis,
773 307 823 373 illi
852 311 945 392 pecta
970 306 1106 373 victorie

84 399 140 461 est.
186 418 226 461 ne
249 399 426 480 repugnate
440 397 546 460 vestro
569 396 655 460 bono
679 399 711 460 et
733 397 817 462 hane
839 417 943 482 spem,
966 397 1043 461 dum
1066 397 1106 462 ad

83 507 195 551 verum
218 485 423 570 pervenistis,
452 484 528 548 alite
554 485 589 548 in
615 484 730 550 animis
751 486 951 571 libentesque
973 486 1107 553 meliora

84 575 222 658 excipite
254 576 287 638 et
319 574 470 657 opinione
498 595 536 638 ae
558 577 635 638 voto
663 575 784 638 iuvate:
816 597 884 640 esse
913 575 1036 660 aliquid
1059 576 1106 640 in-

53 665 220 746 evictum,
243 685 311 728 esse
334 662 488 746 aliquem,
516 663 551 726 in
573 685 669 747 quem
691 663 775 728 nihil
796 664 927 729 fortuna
948 665 1106 749 possit‚e

84 776 119 817 re
141 752 271 837 publica
293 756 342 816 est
365 753 490 836 generis
513 751 654 816 humani.

173 926 358 996 3pervenitis
371 928 441 997 vole.
456 943 490 981 cx
503 939 520 980 ς
533 927 598 995 sort.
613 933 690 982 recte.
705 929 755 996 cfr.
770 927 837 983 dict.
849 929 918 983 XII
929 932 999 994 18,1
1016 927 1019 1001 Ι
1037 927 1105 982 alite

85 998 154 1068 woly.
177 998 260 1053 aliter
280 1001 308 1055 A
332 998 343 1072 Η
369 999 387 1053 4
410 998 520 1066 aliquid
538 999 567 1053 A
590 998 714 1068 aliquem
733 1011 751 1053 ς
774 999 784 1072 Η
808 998 826 1054 5
849 1015 895 1053 cre
917 998 1034 1068 publice
1053 1001 1104 1055 est

85 1070 197 1139 generis
215 1070 332 1124 humani
351 1071 395 1124 est
412 1072 441 1125 A
463 1087 531 1125 corr.
551 1071 583 1124 in
601 1083 625 1125 ς.
654 1070 825 1140 Subscriptio
843 1072 909 1125 libri
926 1072 1013 1126 minio
1027 1072 1106 1139 picta

84 1142 152 1196 haec
169 1148 221 1196 cet:
243 1142 274 1196 L.
289 1142 322 1196 A.
338 1141 442 1225 Seneep
468 1141 513 1194 Ad
532 1140 674 1197 Serenum.
706 1141 767 1196 Nee
784 1142 919 1196 iniuriam
937 1157 989 1196 nec
1008 1144 1105 1196 contu-

85 1213 200 1267 meliam
224 1213 352 1282 accipere
375 1215 540 1282 cap1entem.
577 1213 700 1282 explicit.
734 1213 737 1286 t
766 1212 871 1283 Incipit
895 1213 942 1268 Ad
963 1212 1105 1268 Novatum

85 1284 128 1338 De
146 1284 191 1338 Ira
210 1283 283 1339 liber
300 1285 416 1355 primus.
445 1284 513 1338 feli
532 1283 628 1341 citer.
