2400 3840
290 210 340 266 DE
357 210 422 266 IRA
440 209 507 268 LIB.
521 209 569 266 111.
602 208 679 266 cnP.
695 215 737 266 tt.
752 215 795 265 32.
811 215 845 265 33
1018 213 1080 280 141

60 381 129 425 non
150 358 269 443 peribit
290 361 434 442 potestas
457 357 532 440 ista,
555 356 583 422 si
606 356 777 421 differetuu.
815 356 883 422 sine
904 356 937 421 id
955 360 1115 441 tempusa

61 448 184 531 veniat,
214 468 278 531 quo
308 447 372 533 ipsi
401 446 581 511 iubeamus:
611 467 699 511 nuno
724 467 765 510 ex
789 445 924 530 imperio
947 445 1013 510 irae
1036 447 1082 511 lo-

62 559 216 623 quemur3⁴
233 557 307 602 eum
329 537 387 600 illa
409 536 536 618 abierit,
559 537 638 600 tune
659 534 852 619 videbimus,
876 538 997 619 quanto
1020 535 1083 600 ista

60 628 102 692 lis
126 625 334 691 aestumanda
361 625 411 690 sit.
457 624 492 689 in
520 625 584 689 hoe
613 624 699 688 enim
728 624 900 708 praecipue
927 625 1082 689 fallimur:

31 734 44 776 s
62 715 102 781 ad
125 715 246 780 ferrum
268 713 427 796 venimus,
450 713 491 778 ad
514 713 665 798 capitalia
688 712 860 796 supplioia,
883 716 916 777 et
935 713 1082 796 vinealis,

62 822 201 888 oareere,
224 804 308 868 fame
331 802 531 868 vindioamue
553 823 622 868 rem
639 800 860 887 castigandam
878 801 993 887 flagris
1005 803 1083 867 levi·

63 893 181 958 oribus.
228 890 422 976 ‘quomodo'
454 891 563 976 inquis
596 889 672 956 ‘nos
703 890 794 956 iubes
826 891 957 974 intueri,
986 905 1117 975 quame

64 982 185 1066 omnia,
214 1003 272 1066 per
300 1002 381 1065 quae
407 980 492 1045 laedi
512 979 690 1065 videamur,
718 980 847 1065 exigua,
872 980 1001 1062 misera,
1026 1001 1083 1063 pu-

62 1071 156 1136 erilia
168 1070 271 1136 sint?’
300 1091 360 1156 ego
374 1091 451 1134 vero
464 1069 549 1134 nihil
561 1069 665 1155 magis
679 1069 833 1135 suaserim
848 1090 945 1153 quam
959 1089 1083 1134 sumere

18 1160 226 1246 mingentem
257 1160 400 1224 animum
432 1162 465 1224 et
495 1159 587 1242 haee,
624 1162 757 1243 propter
791 1180 873 1243 quae
908 1158 1083 1244 litigamus,

62 1249 288 1332 disemrimur„
302 1249 503 1332 anhelamus,
521 1248 629 1313 videre
648 1268 745 1331 quam
762 1247 902 1317 humilia
914 1250 947 1313 et
960 1247 1084 1312 abiecta

63 1338 144 1422 sint,
163 1339 246 1403 nulli
269 1339 326 1423 qui
349 1339 450 1403 altum
474 1338 627 1422 quiddam
652 1341 707 1402 aut
730 1337 938 1424 magnifieum
961 1336 1084 1422 cogitat

62 1450 112 1494 res
136 1427 269 1493 ieienda.

113 1450 299 1581 pXXXIII.
338 1513 429 1581 Oiroa
453 1515 623 1599 peouniam
645 1515 822 1600 plurimum
844 1514 1084 1581 vociferationis
1103 1529 1118 1577 1

17 1627 44 1669 n
63 1609 124 1671 est:
152 1605 232 1670 haee
261 1605 332 1669 fora
361 1604 529 1690 defetigat,
558 1607 665 1688 patres
692 1605 874 1688 liberosque
901 1603 1084 1686 oommittit,

61 1715 185 1758 venena
213 1693 340 1775 misen,
369 1692 494 1777 gladios
523 1697 591 1757 tam
618 1693 858 1776 percussoribus
887 1714 984 1777 quam
1005 1693 1085 1778 legi·

63 1782 179 1847 onibus
198 1781 310 1865 tradit3
327 1782 407 1846 haee
421 1784 470 1846 est
483 1781 638 1867 sanguine
651 1784 763 1847 nostro
779 1781 934 1865 delibuta3
951 1785 1084 1864 propter

62 1872 148 1934 hane
173 1891 311 1934 uxorum
338 1869 590 1954 maritorumque
611 1874 723 1935 nootes
747 1872 894 1954 strepunt
915 1868 1028 1934 litibus
1052 1872 1084 1932 et

63 1958 238 2023 tribunalia
267 1959 513 2044 magistratuum
542 1958 661 2042 premit
689 1959 796 2041 turba,
824 1980 914 2043 reges
938 1957 1084 2022 saeviunt

18 2073 45 2114 ee
63 2048 257 2134 rapiuntque
286 2051 318 2112 et
347 2048 494 2112 civitates
522 2047 622 2133 longo
651 2047 851 2112 saeculorum
876 2046 986 2111 labore
1009 2066 1084 2110 eon·

64 2140 201 2204 struotas
234 2139 394 2220 evertunt,
425 2140 463 2201 ut
494 2158 608 2201 aurum
644 2138 876 2221 argentumque
912 2135 947 2198 in
978 2134 1083 2199 einero

64 2226 192 2292 urbium
222 2229 411 2292 senitentur.
456 2224 538 2291 libet
565 2225 684 2290 intueri
712 2225 808 2290 fieoos
835 2225 870 2288 in
897 2223 1016 2310 angulo
1040 2224 1118 2289 ire-2

63 2317 178 2381 centis:
207 2315 243 2381 hi
270 2319 346 2382 sunt
372 2318 506 2400 propter
529 2336 610 2398 quos
634 2313 721 2380 oeuli
742 2314 882 2379 elamore
904 2312 1084 2398 expriman-

63 2408 129 2488 tur,
159 2404 289 2469 fremitu
318 2404 511 2470 iudiciorum
532 2403 683 2469 basilicae
705 2406 868 2486 resonent,
897 2402 1022 2468 evoeati
1044 2424 1084 2466 ex

18 2516 45 2558 ss
62 2493 250 2578 longinquis
272 2494 457 2579 regionibus
481 2492 602 2559 iudices
624 2493 754 2558 sedeant
771 2491 958 2576 iudieaturi,
979 2491 1083 2556 utrius

64 2582 179 2646 iustior
201 2583 335 2647 avaritia
358 2583 408 2648 sit.
446 2582 524 2666 quid
547 2582 574 2646 si
597 2603 637 2646 ne
660 2585 793 2666 propter
812 2581 927 2647 fiscum
945 2580 1118 2664 quideme

64 2670 120 2736 sed
151 2692 297 2757 pugnum
328 2672 410 2740 aeris
442 2674 498 2735 aut
529 2670 713 2754 inputatum
744 2692 764 2734 a
795 2691 886 2736 servo
919 2670 1084 2734 deumium

65 2781 161 2826 senex
197 2760 265 2824 sine
301 2760 416 2825 herede
452 2760 626 2825 moriturus
664 2759 829 2825 stomacho
869 2757 1085 2844 dirumpitur?

154 2933 332 3003 eloquemur
341 2934 369 2989 A
382 2933 524 3003 loquimur
536 2935 606 3003 nota.
616 2940 681 2990 ante
694 2935 835 2990 Haaetnn
848 2933 885 3006 l?
899 2950 937 3004 eq.
946 2935 1084 3004 notantem

65 3007 311 3076 tnnrpnnnionem
336 3007 452 3062 ratim
477 3006 567 3060 maten
593 3021 676 3075 qnam
703 3005 809 3061 Geetaia‘
834 3006 1084 3075 interpretationem

64 3079 154 3148 sequi,
171 3079 220 3147 qen
236 3077 439 3134 interlocutum
455 3078 539 3133 rerba
552 3093 606 3146 pro
624 3078 821 3133 enennattone
839 3078 941 3146 aeanit
962 3076 972 3177 J
998 3090 1084 3144 quam

64 3148 94 3204 A
111 3151 259 3218 tamqnam
277 3149 375 3205 Haase
391 3149 474 3217 qnasi
492 3149 651 3204 Feldmann
676 3147 687 3221 Η
713 3148 749 3202 15
773 3148 912 3218 defetigat
929 3147 957 3202 A
994 3143 1084 3200 defat

65 3220 140 3276 A⁶n
156 3220 167 3293 Η
184 3220 219 3276 17
233 3219 362 3275 delibuta
376 3220 403 3276 L
422 3219 516 3276 dil-A
534 3219 545 3293 ΙΙ
561 3219 782 3289 strepuntque
795 3220 837 3287 A,
855 3218 928 3289 qnod
941 3217 1084 3273 aennon

65 3307 121 3347 ease
142 3297 232 3348 cernet
256 3291 429 3358 WGenolt,
453 3292 618 3348 mannaan
639 3293 672 3347 in
694 3290 864 3359 rabiuntque
889 3289 1058 3345 Cornelissen
1081 3287 1086 3360 l

64 3361 101 3417 22
120 3363 224 3434 angulo
238 3364 266 3419 A
285 3362 383 3417 aroula
401 3362 487 3420 Gesta·
501 3364 561 3418 eall.
575 3363 640 3418 an.
655 3362 737 3418 XIV
748 3366 804 3418 259
822 3360 837 3445 tl
852 3359 889 3415 24
906 3358 1041 3432 fremitus!

66 3435 145 3503 (aas.
159 3435 224 3501 fort.
239 3437 263 3505 s)
282 3434 293 3507 ΙΙ
312 3432 348 3489 25
365 3435 457 3489 utrius
470 3434 545 3491 A¹L
563 3450 631 3489 corr.
645 3435 678 3488 in
695 3435 790 3487 utrum
808 3448 853 3486 uu
868 3430 1085 3504 A⁶l127png=

65 3522 134 3630 qlum
151 3505 225 3633 fr]
251 3520 378 3576 pugnam
401 3505 444 3561 A⁶
473 3505 485 3578 ΙΙ
515 3504 551 3561 28
574 3504 745 3575 dirumpitur
769 3505 796 3561 L
822 3502 1017 3568 numqaum
1044 3507 1102 3551 aaa

98 3591 139 3630 sr-
