2400 3840
353 661 395 735 n
422 661 615 734 Auulur
643 660 862 734 sumens

194 837 688 937 DIALOGORVM
714 837 935 937 LIBER
961 839 1025 938 11.

508 1010 551 1052 AD
566 1011 714 1053 susem

195 1136 269 1193 duc
285 1136 461 1192 INIVRIAM
477 1134 551 1190 Nnc
569 1134 837 1190 CONTVMELIAM
855 1135 1032 1191 Acon‘mtu

502 1241 720 1299 SAPIENTEM.

260 1412 264 1419 .
390 1386 440 1440 (un
456 1385 652 1429 consensum
665 1351 835 1438 aurnuns)

189 1513 213 1579 I.
237 1514 378 1579 Tantum
395 1514 481 1578 inter
494 1512 636 1597 Stoicos,
655 1511 787 1598 Serene,
804 1517 837 1578 et
856 1517 979 1579 ceteros
998 1512 1123 1598 sapione
1142 1529 1157 1576 1

99 1604 180 1668 tiam
197 1602 360 1685 professos
378 1602 532 1667 interesse
547 1605 705 1686 quantum
722 1603 808 1667 inter
820 1603 957 1668 feminas
972 1606 1005 1667 et
1018 1624 1122 1667 mares

100 1712 168 1755 non
198 1690 349 1754 inmerito
382 1690 531 1773 dixerim,
562 1711 637 1755 eum
668 1694 805 1775 utraque
836 1692 933 1756 turba
965 1692 1005 1755 ad
1036 1692 1123 1757 ritae
1149 1687 1151 1692 ’

100 1779 288 1845 societatem
319 1778 509 1844 tantundem
537 1779 696 1862 conferat,
718 1780 775 1844 sed
797 1781 897 1844 altera
915 1800 990 1864 pars
1008 1779 1049 1843 ad
1068 1781 1123 1845 ob-

69 1867 314 1952 esaquendum,
343 1868 444 1932 altera
473 1867 608 1950 imperio
637 1871 715 1932 nata
744 1868 795 1933 sit.
841 1868 939 1933 ceteri
961 1869 1122 1952 sapientes

98 1958 243 2023 molliter
274 1960 307 2022 et
338 1957 469 2040 blande,
500 1960 539 2021 ut
573 1955 640 2021 fere
675 1956 843 2021 domestici
880 1961 912 2021 et
948 1956 1122 2022 familiares

98 2047 216 2112 medici
245 2046 350 2133 aegris
373 2046 577 2130 corporibus,
605 2067 673 2110 non
700 2067 765 2130 qua
788 2044 947 2130 optimum
971 2049 1004 2111 et
1025 2048 1122 2112 celer-

96 2138 216 2203 rimum
246 2140 296 2201 est
325 2135 496 2200 medentur
515 2135 578 2200 sed
602 2157 667 2220 qua
688 2135 778 2219 licet3
801 2133 904 2200 Stoici
925 2135 1052 2201 virilem
1074 2136 1122 2201 in·

97 2226 200 2313 gressi
222 2226 309 2290 riam
335 2247 403 2291 non
429 2229 467 2291 ut
489 2246 625 2289 amoena
646 2224 833 2290 ineuntibus
857 2225 1004 2290 videatur
1027 2247 1121 2290 curae

53 2335 80 2374 ιο
97 2315 232 2399 habent,
260 2314 325 2379 sed-
342 2318 380 2379 ut
410 2336 507 2399 quam
530 2315 672 2399 primum
694 2335 754 2379 nos
778 2314 894 2399 eripiat
916 2318 949 2379 et
970 2315 1006 2379 in
1027 2314 1121 2380 illum

98 2404 221 2469 editum
243 2404 397 2469 verticem
427 2403 556 2487 educat,
585 2404 642 2487 qui
674 2404 753 2468 adeo
787 2407 877 2468 extra
905 2425 1033 2468 omnem
1063 2404 1122 2467 teli

98 2493 219 2557 iactum
243 2491 396 2574 surrexit,
417 2495 456 2556 ut
479 2513 577 2576 supra
598 2493 763 2557 fortunam
787 2493 935 2557 emineat.
962 2491 1008 2557 ‘at
1022 2492 1122 2557 ardua
1140 2506 1156 2554 2

97 2603 157 2666 per
188 2602 270 2665 quae
296 2602 452 2646 vocamur
481 2584 514 2645 et
543 2581 736 2667 confragosa
765 2580 861 2646 sunt'
908 2580 986 2665 quid
1014 2581 1122 2646 enim?

96 2671 195 2755 plano
228 2668 335 2734 aditur
362 2669 546 2735 excelsum?
591 2671 648 2735 sed
674 2693 715 2735 ne
737 2673 806 2735 tam
829 2671 967 2754 abrupta
991 2671 1121 2753 quidem

52 2777 79 2818 1s
96 2762 174 2839 sunt
207 2780 303 2843 quam
332 2758 464 2842 quidam
490 2760 616 2843 putant.
664 2759 770 2844 prima
796 2763 924 2824 tantum
947 2781 1021 2844 pars
1044 2780 1122 2825 saxa

95 2869 258 2933 rupesque
286 2848 386 2913 habet
418 2851 451 2913 et
480 2847 560 2912 invii
591 2849 746 2933 speciem,
781 2848 866 2914 sicut
896 2849 1050 2933 pleraque
1082 2871 1125 2913 ex

96 2937 276 3024 longinquo
295 2936 537 3021 speculantibus
556 2937 681 3004 abscisa
700 2941 733 3002 et
751 2959 873 3003 conexa
886 2937 988 3003 videri
1006 2939 1122 3018 solent,

186 3095 203 3149 l
229 3094 332 3150 stoicos
359 3109 456 3149 serene
476 3095 504 3149 A
533 3095 608 3164 (unte
633 3110 730 3150 serene
757 3113 792 3150 m.
811 3111 863 3150 rec.
888 3111 904 3149 o
927 3112 948 3150 e.
967 3112 992 3149 c.
1012 3093 1088 3161 add.)
1108 3093 1120 3167 Η

95 3165 114 3222 8
131 3166 271 3222 immerito
286 3165 329 3221 A⁶
393 3165 411 3218 ὅ
430 3165 517 3237 ceteri
530 3166 558 3221 A
584 3165 595 3239 Η
622 3165 641 3220 d
660 3165 766 3220 blande
780 3166 808 3221 A
831 3165 936 3220 blande
960 3165 1120 3233 <egunt>

96 3238 177 3293 Kocb
194 3239 253 3294 coll.
268 3239 336 3293 dial.
376 3238 396 3292 1
413 3240 465 3305 1,5
482 3235 493 3310 ΙΙ
518 3237 533 3291 7
552 3237 628 3307 egris
642 3238 670 3293 A
687 3237 698 3309 ΙΙ
719 3236 738 3291 9
756 3253 858 3292 amena
870 3239 899 3292 A
917 3236 929 3309 [l
945 3235 981 3290 12
1000 3234 1130 3310 etardus.

95 3326 165 3365 corr.
180 3326 214 3364 ex
228 3309 357 3363 odardus
370 3310 448 3364 ΑΗ
460 3307 471 3380 Η
489 3307 525 3362 14
543 3306 665 3378 abrupta
681 3325 754 3365 corr.
768 3326 804 3365 ea
817 3307 929 3363 abruta
945 3303 1068 3373 lewe
1080 3315 1151 3362 ⁸³3³-

96 3381 163 3434 dam
183 3397 253 3434 corr.
270 3397 304 3435 ec
324 3380 439 3448 quidem
454 3380 532 3435 ΑΗ
548 3379 560 3456 ΙΙ
579 3380 618 3438 15
634 3381 858 3456 sanullrupesq3
873 3379 906 3434 A
919 3371 1100 3444 torcatum.
1108 3358 1188 3458 §XXX

95 3451 130 3506 17
148 3449 258 3505 abscisa
275 3467 343 3508 corr.
359 3469 395 3508 ea
412 3451 512 3510 absisa
531 3454 601 3525 fort.
618 3456 662 3514 A¹
683 3456 693 3532 t
712 3469 836 3513 conexu
853 3450 896 3506 A*
920 3452 1069 3500 connexu·
1087 3435 1119 3484 A
