2400 3840
217 215 268 270 AD
287 213 478 271 POLYBIVM
495 213 545 268 DE
564 212 842 270 CONSOLATIONE
861 212 988 275 OAP.13
1047 217 1112 283 329

183 359 270 426 XIII.
318 359 400 446 [32]
424 358 561 426 Abstine
583 359 624 425 ab
646 359 710 425 hoo
733 381 847 425 manus
865 364 953 446 tuas,
974 360 1115 446 fortuna,
1133 378 1147 427 1

94 472 154 521 neo
175 449 211 516 in
232 451 296 516 isto
319 449 498 534 potentiam
520 452 610 514 tuam
632 449 696 514 nisi
719 471 757 513 ea
778 453 884 533 parte,
908 471 972 534 qua
989 450 1115 534 prodes,

95 540 284 609 ostenderis!
319 543 430 624 petere
452 537 545 602 iilum
568 538 678 624 generi
699 538 842 604 humano
860 539 925 603 iam
944 539 999 604 diu
1017 561 1114 625 aegro

94 633 127 695 et
163 629 277 694 affecto
314 627 446 713 mederi,
482 632 593 712 patere
624 627 778 710 quicquid
809 627 926 711 prioris
958 628 1114 713 principis

63 737 76 779 s
94 719 185 783 furor
207 717 370 783 concussit
392 717 427 781 in
449 737 543 781 suum
566 718 675 782 locum
696 717 865 782 restituere
888 739 926 782 co
947 717 1114 802 reponere!

94 808 183 872 sidus
205 807 281 891 hoc,
305 805 393 890 quod
414 805 626 891 praecipitato
649 804 685 869 in
702 806 899 890 profundum
918 810 951 871 et
969 806 1114 872 demerso

95 897 129 961 in
143 896 290 961 tenebras
306 894 377 960 orbi
389 894 531 978 refulsit,
549 916 675 979 semper
686 895 807 960 luceat!
843 894 897 959 hio
911 893 1115 960 Germaniam
1132 912 1149 961 2

95 989 202 1069 pacet,
229 983 432 1050 Britanniam
455 984 591 1068 aperiat,
613 987 646 1048 et
667 983 790 1068 patrios
813 984 995 1069 triumphos
1019 985 1116 1049 ducat

95 1077 127 1139 et
158 1096 274 1142 novos:
306 1094 445 1158 quorum
476 1094 527 1138 me
560 1094 688 1158 quoque
720 1076 934 1158 spectatorem
960 1073 1115 1158 futurum,

50 1184 77 1224 ro
96 1184 177 1246 quoe
196 1186 236 1229 ex
253 1163 426 1229 virtutibus
441 1161 509 1228 eius
523 1162 664 1247 primum
679 1163 805 1247 optinet
816 1163 936 1247 locum,
953 1161 1116 1247 promittit

95 1252 273 1320 clementia.
317 1274 378 1318 nec
401 1252 487 1317 enim
510 1251 557 1317 sio
580 1273 631 1316 me
654 1251 783 1336 deiecit,
805 1255 842 1316 ut
863 1253 967 1317 nollet
985 1251 1117 1338 erigere,

95 1344 194 1408 immo
221 1364 263 1407 ne
291 1341 406 1407 deiecit
434 1339 578 1425 quidem,
606 1340 662 1406 sed
688 1340 865 1424 impulsum
889 1365 908 1406 a
929 1341 1061 1406 fortuna
1084 1344 1117 1407 et

95 1432 260 1497 cedentem
284 1430 439 1496 sustinuit
461 1432 493 1495 et
515 1431 550 1494 in
571 1451 724 1515 praeceps
747 1433 876 1496 euntem
897 1430 1014 1496 leniter
1037 1430 1117 1495 divi-

94 1544 154 1585 nae
181 1541 294 1585 monus
322 1540 400 1584 usus
424 1519 643 1584 moderatione
666 1519 828 1604 deposuit:
856 1520 1044 1605 deprecatus
1067 1524 1116 1586 est

50 1629 76 1671 15
94 1631 153 1693 pro
180 1629 233 1673 me
260 1611 407 1673 senatum
429 1611 463 1672 et
484 1605 585 1671 vitam
608 1607 689 1672 mihi
710 1630 779 1673 non
799 1613 926 1674 tantum
950 1609 1038 1674 dedit
1060 1608 1116 1675 sed

96 1697 192 1762 etiem
215 1700 305 1780 petit.
351 1695 481 1761 viderit:
504 1697 633 1779 qualem
652 1697 740 1762 volet
758 1719 840 1783 esse,
863 1699 1025 1764 existimet
1043 1720 1117 1764 oau-
1134 1713 1151 1762 3

95 1809 164 1851 sam
200 1807 319 1870 meam,
355 1786 407 1850 vel
443 1785 568 1850 iustitia
604 1786 673 1850 eius
709 1785 828 1850 bonam
859 1788 1033 1871 perspiciet
1063 1789 1117 1853 vel

96 1875 265 1941 clementia
287 1874 386 1940 faciat
408 1874 541 1940 bonam:
565 1878 738 1957 utrumque
760 1874 796 1940 in
818 1897 920 1959 aequo
944 1875 1024 1940 mihi
1047 1875 1116 1942 eius

94 1963 286 2029 beneficium
315 1963 389 2046 erit,
417 1963 485 2029 sive
507 1963 711 2030 innocentem
735 1987 786 2029 me
809 1964 917 2029 scierit
940 1986 1022 2049 esse,
1050 1964 1116 2030 sive

51 2073 78 2115 ao
95 2053 242 2118 voluerit.
287 2052 418 2118 interim
446 2074 602 2139 magnum
631 2053 833 2118 miseriarum
862 2075 1006 2118 mearum
1035 2054 1117 2119 sola-

96 2143 182 2209 cium
210 2146 259 2207 est
286 2142 394 2208 videre
418 2142 670 2208 misericordiam
694 2143 761 2208 eius
785 2145 892 2207 totum
915 2143 1024 2208 orbem
1046 2163 1117 2226 per·

94 2236 281 2318 vagantemz
309 2253 390 2316 quae
418 2254 492 2297 cum
515 2254 555 2297 ex
577 2232 649 2316 ipso
673 2231 806 2316 angulo,
833 2231 956 2315 inquo
980 2253 1040 2317 ego
1064 2231 1116 2297 de·

95 2323 179 2387 fixus
211 2342 296 2404 sum,
326 2323 509 2406 complures
539 2321 716 2385 multorum
746 2321 810 2384 iam
838 2343 996 2393 annorum
1023 2320 1117 2386 ruina

96 2411 230 2476 obrutos
254 2410 402 2476 effoderit
424 2415 457 2476 et
479 2411 514 2475 in
535 2410 641 2475 lucem
664 2408 840 2493 reduxerit,
861 2431 928 2475 non
945 2432 1058 2476 vereor
1074 2433 1116 2477 ne

52 2517 78 2559 rr
96 2521 147 2564 me
175 2521 276 2563 unum
299 2503 449 2564 transeat.
496 2500 566 2584 ipse
588 2503 696 2564 autem
720 2498 842 2584 optime
863 2499 956 2565 novit
978 2503 1116 2585 tempus,

97 2608 161 2671 quo
181 2587 297 2671 cuique
312 2588 427 2654 debeat
440 2609 639 2673 succurrere;
657 2609 718 2674 ego
734 2610 861 2653 omnem
876 2610 1007 2674 operam
1022 2589 1115 2673 dabo,

95 2698 137 2741 ne
164 2676 332 2760 pervenire
359 2677 473 2742 adme
497 2677 672 2743 erubescat.
719 2699 738 2742 o
761 2678 888 2744 felicem
911 2679 1151 2744 clementiamt

96 2768 200 2850 tuam,
225 2763 353 2850 Caesar,
376 2787 458 2849 quae
481 2765 595 2850 efficit,
617 2770 655 2831 ut
678 2767 868 2850 quietiorem
887 2768 947 2833 sub
965 2771 998 2832 te
1017 2770 1117 2853 agunt

96 2855 196 2920 vitem
225 2855 347 2939 exules,
376 2877 473 2939 quam
500 2877 604 2940 nuper
631 2856 691 2921 sub
716 2853 795 2922 Gaio
824 2878 917 2943 egere
940 2857 1115 2942 principes!

91 3004 93 3008 ’
185 3012 203 3067 8
220 3013 306 3082 pacet
322 3012 391 3083 colo.
410 3012 507 3082 placet
528 3013 551 3068 0
570 3012 574 3086 Ι
594 3014 702 3084 patrios
715 3015 779 3070 DE
794 3022 821 3071 ct
833 3009 870 3071 Η
882 3017 914 3071 in
928 3033 1014 3087 rnarq.
1033 3017 1116 3085 pater

97 3086 161 3140 ΒΗ
163 3085 191 3139 V
203 3086 336 3154 paternos
354 3101 429 3139 ccco
511 3086 563 3140 teri
583 3084 594 3158 11
616 3085 652 3139 10
670 3086 780 3154 optinet
798 3086 878 3156 (obt.)
896 3088 972 3142 codd.
992 3089 1071 3142 Pioc.
1091 3093 1117 3143 et

98 3156 212 3239 Grutert
229 3173 303 3210 unca
315 3157 344 3210 B
362 3174 396 3211 m.
412 3160 431 3211 2
491 3157 560 3240 ootp.
580 3158 729 3241 oportetf]
741 3157 772 3284 i)
782 3157 818 3211 13
840 3157 943 3214 leniter
955 3160 984 3213 B
1002 3176 1039 3242 m,
1051 3159 1120 3214 211

96 3225 198 3281 leu1ter
216 3228 340 3282 BDEV
356 3226 367 3299 ΙΙ
390 3227 426 3281 lt
443 3229 518 3296 pet1t
531 3229 625 3299 BEH
643 3230 729 3297 petut
773 3231 801 3284 B
819 3234 887 3285 m.2
907 3230 910 3302 t
931 3236 996 3298 post
1012 3230 1116 3285 vrderrt

95 3299 195 3424 ‘titt
214 3298 577 3426 etertsrtrrtt
589 3300 661 3444 pp,
673 3299 1070 3443 {iht‘tttigiiopiipiiii
1083 3301 1116 3428 t

97 3385 146 3494 icoc
163 3411 197 3495 m‘.
214 3446 230 3495 1
248 3388 395 3513 emporio
410 3390 505 3512 igelo)
525 3458 559 3497 ex
576 3441 638 3512 ipso
656 3442 711 3498 hoo
730 3389 833 3513 uirgulo
847 3444 910 3498 DE
934 3443 938 3516 Ι
965 3443 1072 3498 defixus
1091 3442 1116 3500 0

98 3509 224 3637 &siffis
230 3513 402 3640 {amezo}
410 3514 421 3587 Η
438 3514 475 3569 26
488 3531 543 3584 quo
562 3513 664 3583 cuique
682 3516 751 3586 oolq.
771 3519 921 3583 quocuque
939 3515 964 3568 Ο
978 3513 1051 3581 Q
1062 3513 1128 3561 em-
