2400 3840
111 214 161 268 AD
177 213 353 269 SERENVM
366 214 415 268 DE
430 212 751 279 TRANQVILLITATE
760 213 870 268 ANIMI
884 212 960 268 OAP.
973 219 1006 268 10
1047 217 1113 282 263

182 359 222 426 X„
258 358 304 424 At
326 360 361 424 in
384 358 515 444 aliquod
539 381 640 444 genus
663 357 749 423 vitae
772 358 903 424 difficile
921 359 1063 425 incidisti
1081 364 1113 425 et
1132 380 1147 427 1

92 449 153 514 tibi
175 449 339 535 ignoranti
361 449 414 513 vel
435 448 565 532 publica
587 447 718 513 fortuna
740 449 793 512 vel
814 448 940 532 privata
962 450 1112 534 laqueum

92 539 230 624 inpegit,
259 561 355 623 quem
377 559 438 602 nec
461 539 585 603 solvere
607 537 712 621 possis
734 558 795 602 nec
817 560 978 622 rumpere:
1006 539 1114 625 cogita

92 627 291 712 compeditos
327 628 433 711 primo
465 649 558 713 aegre
590 627 672 690 ferre
705 649 802 691 onera
834 631 866 691 et
897 628 1113 711 inpedimenta

61 737 236 800 scrutum,
266 716 380 781 deinde
412 715 468 780 ubi
498 737 566 780 non
595 715 756 802 indignari
783 716 840 780 ille
868 716 922 781 sed
949 717 1018 800 pati
1040 739 1113 801 pro-

90 809 283 890 posuerunt,
312 805 484 871 necessitas
511 805 640 869 fortiter
666 805 748 870 ferre
778 805 885 888 docet,
915 806 1112 871 consuetudo

91 895 195 959 facile.
241 894 383 959 invenies
406 894 440 958 in
464 894 609 977 quolibet
631 916 747 980 genere
769 894 855 958 vitae
878 894 1112 960 oblectamenta

91 987 124 1048 11
155 982 360 1049 remissiones
389 987 422 1048 et
451 985 649 1067 voluptates,
678 984 706 1048 si
728 983 868 1048 volueris
892 984 976 1047 mala
999 987 1112 1067 putare

90 1071 175 1136 levia
193 1073 302 1156 potius
321 1094 417 1157 quam
432 1072 591 1138 invidiosa
604 1073 716 1137 facere.
747 1073 839 1137 nullo
853 1073 968 1138 melius
981 1072 1112 1137 nomine
1129 1091 1145 1139 2

45 1184 72 1224 1⁰
91 1161 130 1226 de
148 1162 243 1226 nobis
261 1167 377 1227 natura
395 1163 525 1246 meruit,
545 1183 626 1246 quae
646 1183 719 1226 cum
739 1161 835 1227 sciret
853 1161 969 1245 quibus
989 1183 1112 1226 aerum-

89 1251 140 1316 nis
149 1273 361 1337 nasceremur,
371 1252 590 1316 calamitatum
600 1251 838 1316 mollimentum
848 1251 1111 1317 consuetudinem

89 1340 226 1424 invenit,
262 1341 326 1406 cito
363 1341 398 1404 in
433 1341 684 1406 familiaritatem
721 1341 910 1426 gravissima
942 1341 1110 1405 adducens.

88 1452 184 1494 nemo
213 1430 356 1513 duraret,
383 1430 410 1493 si
437 1452 544 1494 rerum
572 1430 776 1494 adversarum
805 1429 937 1494 eandem
964 1429 1030 1494 vim
1058 1429 1111 1493 ad·

90 1518 224 1583 siduitas
242 1519 374 1583 haberet
393 1539 489 1601 quam
504 1518 627 1602 primus
642 1519 734 1584 ictus.
767 1541 877 1584 omnes
893 1540 966 1584 cum
979 1519 1111 1583 fortuna
1129 1538 1145 1586 3

45 1629 71 1669 11
90 1607 233 1690 copulati
256 1628 381 1671 sumus:
405 1607 541 1670 aliorum
562 1630 657 1671 aurea
676 1611 787 1672 catena
806 1612 855 1672 est
873 1611 905 1672 et
923 1609 1010 1691 laxa,
1033 1607 1110 1673 alio-

88 1718 161 1759 rum
185 1699 255 1759 arta
278 1699 310 1760 et
332 1693 474 1778 sordida,
497 1695 552 1759 sed
576 1695 653 1779 quid
676 1696 795 1760 refert?
832 1696 941 1761 eadem
965 1697 1110 1762 custodia

90 1784 255 1848 universos
286 1783 495 1848 circumdedit
524 1784 712 1869 alligatique
743 1788 818 1849 sunt
841 1786 938 1849 etiam
962 1786 1018 1869 qui
1040 1786 1110 1850 alli·

89 1876 258 1958 gaserant,
290 1872 354 1936 nisi
382 1872 467 1936 forte
493 1875 531 1936 tu
558 1872 711 1937 leviorem
741 1873 775 1937 in
805 1873 934 1937 sinistra
964 1877 1109 1938 catenam

88 1964 193 2045 putas.
239 1962 339 2026 alium
361 1962 515 2044 honores,
541 1961 640 2024 alium
670 1983 746 2045 opes
770 1961 929 2045 vinciunt3
953 1962 1109 2046 quosdam

43 2073 71 2113 11
88 2049 254 2135 nobilitas,
279 2050 435 2135 quosdam
456 2049 623 2115 humilitas
640 2051 772 2134 premit3
796 2051 986 2133 quibusdam
1005 2051 1110 2116 111111

88 2161 186 2223 supra
216 2144 313 2224 caput
342 2140 478 2224 imperia
508 2142 597 2223 sunt,
630 2139 821 2222 quibusdam
852 2162 922 2224 sua3
953 2141 1108 2224 quosdam

88 2228 185 2294 exilia
216 2251 281 2295 uno
315 2230 389 2295 loco
424 2233 550 2312 tenent,
586 2229 742 2313 quosdam
777 2229 967 2293 sacerdotia:
1004 2230 1143 2296 omnis4

87 2319 155 2383 vita
178 2320 345 2384 servitium
368 2323 425 2385 est.
462 2319 714 2384 adsuescendum
733 2321 781 2382 est
799 2317 908 2401 itaque
926 2318 1109 2385 condicioni

88 2428 163 2471 suae
187 2412 219 2472 et
241 2429 338 2492 quam
360 2409 530 2472 minimum
554 2408 593 2472 de
612 2408 669 2472 illa
687 2407 885 2491 querendum
903 2411 936 2472 et
955 2408 1108 2493 quicquid

40 2517 68 2559 11
86 2495 184 2559 habet
221 2497 305 2562 circa
341 2519 375 2562 se
412 2496 573 2563 commodi
610 2497 884 2580 adprendendum:
920 2497 1005 2562 nihil
1040 2502 1106 2563 tam

87 2584 236 2649 acerbum
263 2589 325 2669 est,
354 2586 389 2649 in
412 2608 476 2671 quo
499 2609 565 2650 non
589 2608 709 2670 aequus
732 2585 858 2651 animus
882 2587 1036 2652 solacium
1059 2587 1107 2652 in·

86 2673 202 2737 veniat.
239 2674 373 2759 exiguae
392 2697 486 2759 saepe
504 2697 596 2740 areae
617 2675 651 2739 in
668 2676 788 2740 multos
806 2697 884 2740 usus
903 2675 1105 2742 discribentis

86 2765 154 2827 arte
181 2765 355 2846 patuerunt
379 2766 411 2828 et
434 2765 579 2847 quamvis
603 2768 776 2850 angustum
798 2765 913 2849 pedem
936 2766 1104 2849 dispositio

175 2902 190 2956 1
212 2904 242 2955 11
260 2903 291 2956 in
310 2902 425 2971 aliquod
447 2904 515 2974 culp.
545 2903 584 2957 At
603 2904 641 2958 ad
660 2903 776 2973 aliquod
794 2906 823 2960 A
855 2904 858 2977 1
882 2904 900 2959 3
922 2905 1013 2974 possis
1035 2905 1104 2974 scip.

84 2990 181 3043 posses
199 2976 228 3029 A
253 2973 257 3047 1
278 2990 408 3043 rumpere
422 2975 505 3030 Gesta
523 2988 616 3030 cums
634 2991 780 3045 erumpere
793 2977 822 3031 A
843 2975 847 3048 1
876 2976 894 3030 8
912 2979 1013 3045 putare
1031 2974 1105 3028 levia

85 3046 206 3116 Madvig
224 3047 324 3114 putate
342 3046 391 3100 uia
405 3047 433 3101 A
451 3045 584 3116 patibilia
602 3047 738 3103 Schultess
749 3046 770 3171 11
792 3048 828 3102 10
846 3063 919 3116 quae
938 3064 1002 3100 cum
1021 3045 1105 3099 sciret

85 3117 222 3172 Schultess
244 3133 330 3186 quam
351 3135 413 3171 cum
434 3118 519 3172 sciret
536 3119 564 3173 A
587 3134 673 3187 quam
692 3135 747 3188 quo
774 3136 865 3186 ,cum
883 3118 968 3171 sciret
982 3117 1078 3171 Morct
1101 3116 1105 3189 1

85 3187 120 3242 12
139 3189 327 3243 adducentem
350 3207 411 3244 cam
433 3191 642 3245 coimmissa·
668 3191 826 3260 Wesenberg
848 3189 858 3261 11
883 3189 918 3243 15
941 3190 1090 3242 11111111

86 3259 199 3313 111111
218 3261 302 3316 Graio
321 3263 422 3316 catena
441 3263 490 3315 est.
521 3259 640 3315 aliorum
658 3261 724 3314 laxa
738 3262 767 3315 A
786 3262 840 3314 cat.
855 3261 898 3314 est
912 3275 946 3312 ac
959 3259 977 3312 l.
995 3259 1077 3314 Gesta
1093 3259 1104 3333 11

85 3329 121 3383 25
140 3331 314 3400 adprendum
333 3332 376 3387 A¹
393 3349 462 3388 cerr.
476 3333 540 3399 fort.
554 3337 623 3387 m.2
644 3331 654 3404 11
678 3332 763 3386 2611
782 3347 836 3400 quo
855 3331 922 3401 culp.
941 3331 1030 3398 inqua
1047 3332 1077 3387 A
1092 3339 1103 3396 ΙΙ

85 3400 120 3454 27
140 3401 319 3456 discribentis
337 3405 435 3472 scripsi
453 3402 637 3457 describentis
651 3403 712 3529 1111
736 3402 772 3457 28
790 3403 941 3472 angustum
960 3402 1061 3472 pedem
1074 3404 1103 3459 A

176 3479 267 3528 tuctur
285 3473 367 3529 Gertz
385 3476 575 3530 1111711111.
594 3475 627 3529 dc
645 3476 662 3528 1.
711 3475 804 3529 ,1719
830 3473 954 3542 (Dicitur
973 3474 1013 3525 ’11
1027 3473 1109 3523 1111-

106 3542 157 3597 ciis
176 3560 243 3598 area
261 3545 324 3612 ‘pes
342 3546 475 3615 magnus'
494 3547 524 3600 et
542 3545 594 3616 qui
609 3544 840 3600 tundamentum
854 3536 1144 3600 testinantes-m

80 3613 196 3683 ponit’.)
214 3617 365 3684 angustam
384 3616 484 3674 sedem
504 3618 686 3676 commissas
