2400 3840
90 207 156 273 332
286 205 316 258 L.
331 203 474 257 ANNAEI
491 201 655 259 SENECAE
673 203 769 258 DIAL.
782 202 850 258 LIB.
864 201 911 257 XI.

91 352 206 416 simam
236 353 269 414 et
296 370 337 413 ne
368 347 398 414 ei
428 349 557 432 quidem
579 371 688 414 rerum
709 351 825 414 natura
846 349 980 436 lugendi
1001 370 1115 416 neces·

91 441 219 505 citatem
246 438 393 522 abstulit,
410 438 474 514 ¹cui
500 439 625 504 caelum
653 438 881 521 destinaverat,
907 438 1007 503 immo
1032 461 1114 505 vero

89 529 175 593 idem
198 528 287 592 omni
310 548 424 612 genere
448 526 595 593 orbitatis
618 531 752 592 vexatus
775 526 894 593 sororis
917 527 1022 592 filium
1041 548 1115 594 suo-

89 617 227 682 cessioni
244 620 469 701 praeparatum
488 638 564 682 suae
581 616 734 701 perdidit3
752 616 891 700 denique
907 639 950 682 ne
963 616 1113 703 singulos
1170 681 1172 685 ,

91 707 158 770 eius
180 707 289 771 luctus
312 727 509 790 enumerem,
532 709 564 770 et
586 726 720 791 generos
739 706 796 771 ille
814 705 923 771 amisit
941 709 973 771 et
989 706 1114 772 liberos
1146 722 1158 764 ι

91 798 123 860 et
153 799 300 880 nepotes,
333 816 371 860 ec
401 816 496 859 nemo
529 795 632 881 magis
664 816 705 859 ex
736 794 886 860 omnibus
918 796 1114 862 mortalibus

89 884 253 949 hominem
290 905 359 950 esse
396 905 444 967 se,
480 885 557 948 dum
588 885 673 948 inter
702 882 850 948 homines
883 887 963 968 erat,
1001 885 1114 950 sensit.

89 976 198 1041 temen
220 975 350 1038 totten
293 976 466 1058 tentosque
488 973 595 1038 luctus
618 972 705 1057 cepit
725 995 833 1037 rerum
853 973 998 1038 omnium
1017 995 1115 1058 cepa·

90 1063 255 1128 cissimum
285 1062 352 1128 eius
383 1065 495 1145 pectus
525 1062 692 1144 victorque
723 1061 815 1126 divus
845 1060 1013 1148 Augustus
1044 1085 1115 1129 non

89 1153 234 1237 gentium
261 1151 486 1216 tantummodo
515 1154 732 1236 externarum,
759 1151 815 1216 sed
842 1151 938 1215 etiam
961 1151 1115 1218 dolorum
1134 1170 1158 1210 ιι

54 1258 71 1308 4
91 1240 162 1305 furt
208 1236 306 1306 Gaius
326 1238 456 1342 Caesar,
478 1239 544 1304 divi
562 1237 701 1325 August
693 1262 713 1322 1,
736 1240 887 1305 avunculi
913 1240 976 1305 mei
999 1241 1115 1327 magni

90 1350 205 1432 nepos,
223 1330 308 1394 circa
321 1329 443 1412 primos
457 1329 606 1394 iuventae
620 1349 697 1394 suae
711 1349 812 1394 annos
826 1328 962 1394 Lucium
977 1329 1115 1396 statrem

91 1417 291 1484 carissimum
315 1417 377 1483 sibi
398 1417 548 1502 princeps
570 1417 704 1483 iurentu
705 1418 748 1482 tis
771 1417 1116 1502 principem-eiusdem

89 1506 265 1573 iuventutis
289 1505 398 1609 amisit
419 1507 454 1570 in
476 1510 633 1591 apparatu
651 1506 795 1573 Parthici
816 1507 895 1572 belli
913 1511 946 1572 et
964 1507 1115 1593 graviore

91 1597 194 1662 multo
225 1594 324 1661 animi
353 1596 485 1661 volnere
496 1617 611 1700 ⁸'quam
638 1599 752 1681 postea
779 1595 924 1681 eorporis
946 1597 1030 1662 ictus
1054 1601 1114 1683 est,
1133 1615 1158 1656 ιι

90 1686 177 1770 quod
205 1688 379 1768 utrumque
408 1689 441 1750 et
469 1684 614 1770 piissime
642 1685 790 1749 idemt
758 1688 790 1749 et
818 1685 992 1750 fortissime
1021 1686 1113 1752 tulit.

54 1775 140 1842 sTe'.
164 1773 279 1840 Caesar
302 1777 436 1859 patruus
459 1795 549 1839 meus
572 1774 715 1840 Drusum
739 1769 963 1839 Germanicum
985 1778 1115 1859 patrem

90 1887 210 1949 meum,
237 1863 395 1929 minorem
417 1867 497 1928 netu
521 1885 617 1948 quam
640 1863 709 1948 ipse
732 1866 801 1928 erat
823 1864 968 1948 stanam,
996 1863 1115 1930 intima

92 1953 280 2020 Germaniae
300 1953 519 2019 recludentem
542 1956 576 2018 et
598 1956 709 2038 gentes
728 1951 943 2018 ferocissimas
963 1952 1113 2019 Romano

91 2042 343 2108 subicientem
333 2041 469 2127 imperio
501 2041 536 2105 in
568 2042 739 2125 complexu
770 2043 843 2107 et
834 2064 870 2106 ιιι
897 2041 1016 2107 osculis
1045 2042 1114 2109 suis
1132 2063 1159 2103 ιι

90 2131 210 2197 amisit:
242 2131 374 2196 modum
406 2135 515 2195 tamen
545 2130 679 2216 lugendi
709 2151 776 2195 non
808 2131 871 2196 sibi
901 2134 1029 2196 tantum
1057 2132 1115 2197 sed

90 2220 187 2285 etiam
216 2220 288 2284 eliis
315 2220 393 2285 fecit
422 2241 460 2285 ac
482 2223 589 2285 totum
611 2219 787 2285 exercitum
809 2241 876 2284 non
899 2221 1004 2286 solum
1027 2242 1114 2286 mae·

91 2312 177 2373 stum
223 2308 279 2373 sed
321 2308 419 2374 etiem
460 2309 634 2374 attonitum
676 2329 792 2392 corpus
828 2308 928 2374 Drusi
964 2309 1015 2375 sui
1048 2309 1114 2375 sibi

90 2396 255 2462 vindicant
241 2400 307 2461 tem
361 2398 401 2462 ad
456 2419 577 2462 morem
632 2397 772 2461 Romani
824 2398 932 2464 luctus
986 2398 1115 2486 redegit

91 2485 244 2550 iudicavit
230 2489 307 2569 tque
370 2509 438 2551 non
500 2485 660 2551 militandi
718 2488 847 2551 tantum
908 2486 1114 2571 disciplinam
1132 2508 1158 2550 ιι

91 2596 159 2640 esse
196 2574 383 2639 servandam
427 2576 554 2641 sedt
521 2575 617 2640 etiam
658 2575 795 2640 dolendi.
848 2597 916 2641 non
951 2577 1114 2661 potuisset

91 2663 146 2730 ille
187 2662 336 2729 lacrimas
378 2664 497 2730 alienas
539 2685 754 2750 compescere,
794 2664 857 2731 nisi
892 2664 982 2750 prius
1024 2688 1113 2749 pres-

92 2754 185 2820 sisset
207 2774 289 2819 suas

180 3002 331 3057 decretus
351 3002 404 3056 est:
429 3002 556 3056 sororis
629 3003 766 3072 perdidit
791 3002 872 3059 Gertz
890 3010 987 3059 contro
1004 3003 1084 3060 codd

91 3074 109 3128 ιι
128 3076 157 3128 et
175 3075 291 3142 nepotes
310 3074 338 3127 B
362 3089 395 3128 ac
413 3075 530 3142 nepotes
549 3074 573 3130 0
595 3046 610 3146 ιι
629 3021 648 3129 I8J
669 3076 765 3128 tamen
783 3075 827 3128 tot
845 3076 873 3130 Β
895 3092 970 3129 nunc
987 3076 1032 3129 tot
1049 3075 1081 3128 D

91 3162 127 3200 no
144 3146 189 3200 tot
203 3148 238 3199 H
259 3146 262 3217 ι
290 3145 505 3229 capacissimum
527 3145 629 3201 Gruter
650 3145 864 3215 pacatissimum
878 3147 938 3201 ΒΕ
958 3146 1113 3216 pacacissi-

92 3235 169 3270 mum
183 3218 247 3271 ΕΗ
270 3216 280 3289 tl
304 3217 339 3271 11
362 3216 459 3301 magni
477 3234 565 3286 nepos
580 3218 699 3287 Modoip
717 3234 751 3272 ac
769 3233 856 3287 nepos
871 3217 964 3272 BHG
985 3217 1079 3286 udnep
1081 3233 1112 3273 os

92 3290 157 3344 DV
170 3286 294 3356 abnepos
309 3289 353 3356 E;
370 3290 402 3343 c'a
419 3306 505 3359 marp
520 3290 549 3343 B
563 3289 626 3343 cdd.
642 3288 729 3356 filius,
747 3295 780 3343 ιιι
792 3288 861 3359 oolp
875 3289 1017 3344 edebatur·
1035 3287 1112 3344 filius

93 3375 127 3414 ac
143 3375 230 3428 nepos
248 3359 258 3431 t
275 3359 312 3415 14
324 3360 455 3429 grauiore
470 3361 493 3415 0
509 3360 668 3430 grauiorem
682 3360 712 3414 D
731 3360 863 3430 grauiora
879 3361 906 3415 V
913 3359 928 3444 j(
946 3360 982 3414 15
994 3359 1112 3416 uolnere

93 3432 121 3485 B
138 3430 255 3484 uolnera
270 3432 298 3486 V
310 3448 392 3485 nome
403 3433 438 3486 H
452 3431 548 3485 dolore
557 3433 620 3486 DE
630 3430 640 3503 ιι
653 3432 688 3485 17
702 3379 765 3485 Ti
760 3432 824 3486 acc.
836 3432 893 3500 Ic'p
893 3432 951 3486 sina
963 3430 1023 3515 Ιιῖὖ
1036 3431 1113 3486 ιιιιιι-

93 3501 225 3569 cauitque
243 3518 300 3555 non
314 3502 372 3556 BD
391 3503 585 3569 iudicauitque
599 3503 630 3556 E
646 3502 787 3556 iudicauit
803 3504 832 3558 te
851 3519 908 3556 non
925 3502 950 3558 G
970 3501 1114 3559 mdiouuit

79 3574 177 3644 n.=(
191 3573 279 3647 enim)
299 3591 357 3631 non
373 3575 408 3631 H
422 3575 497 3648 qaod
517 3574 599 3632 Gertz
618 3576 719 3644 reecpit
