2400 3840
226 242 277 297 ΑΙ)
296 241 487 298 POLYBIVM
504 242 553 297 DE
572 240 850 298 cONSOLATIONE
870 240 977 298 CAR?
1047 245 1112 311 319

95 388 231 454 servitus
259 391 308 453 est
334 409 464 489 magna‘
478 387 617 453 fortuna.
662 387 831 453 nonlicet
857 388 917 453 tibi
940 387 1113 473 quicquam

95 478 226 543 arbitrio
249 481 306 542 tuo
330 477 448 542 facere:
473 476 631 541 audienda
653 480 729 541 sunt
750 479 801 541 tot
822 477 992 542 hominum
1015 477 1113 562 milia,

94 570 145 632 tot
172 566 362 652 disponendi
383 565 500 651 libelli3
526 569 635 631 tantus
662 588 770 630 rerum
798 588 838 630 ex
865 567 941 632 orbe
967 570 1038 632 toto
1063 587 1114 632 co·

94 656 239 722 euntium
267 659 453 741 congestus,
480 658 518 719 ut
539 654 642 739 possit
663 677 722 738 per
744 655 888 720 ordinem
912 677 1006 720 suum
1028 656 1115 739 prin-

64 746 176 830 scipis
205 745 339 809 maximi
366 743 473 808 animo
502 743 620 827 subici,
647 742 821 830 exigendus
850 748 906 808 est.
950 745 1116 811 nonlicet
1186 782 1189 787 ·

95 834 170 917 tibi,
192 834 343 918 inquam,
365 833 456 898 flere:
477 837 514 897 ut
537 832 658 897 multos
677 833 791 898 flentes
810 833 919 897 audire
937 833 1057 917 possis,
1078 838 1116 900 ut

95 922 347 1007 periclitantium
376 926 408 986 et
435 920 476 987 ad
503 921 754 987 misericordiam
781 921 945 987 mitissimi
973 920 1115 987 Caesaris

96 1011 262 1095 pervenire
281 1010 480 1096 cupientium
498 1011 787 1095 lactucarum,
804 1011 956 1077 lacrimae
968 1010 1029 1075 tibi
1042 1015 1117 1077 tuae

94 1099 300 1167 adsiccandae
324 1103 407 1166 sunt.

50 1232 77 1272 ιο
184 1205 256 1272 VII.
279 1205 369 1272 Haec
391 1210 501 1271 tamen
525 1205 708 1272 etiamnunc
725 1205 898 1271 levioribus
916 1209 949 1271 te
967 1205 1116 1271 remediis
1136 1228 1150 1276 1

96 1296 307 1381 adiuvabant3
357 1318 432 1361 cum
481 1296 570 1361 voles
617 1295 762 1360 omnium
808 1317 915 1360 rerum
961 1295 1117 1379 oblivisci,

96 1383 262 1450 Caesarem
295 1386 410 1471 cogita.
455 1383 542 1468 vide,
574 1388 727 1470 quantam
756 1383 853 1449 huius
883 1385 918 1449 in
949 1388 982 1450 te
1013 1384 1117 1450 indul·

95 1475 223 1561 gantiae
250 1474 361 1557 fidem,
392 1477 546 1559 quantam
573 1474 765 1540 industriam
793 1473 921 1539 debeas:
948 1474 1117 1561 intelleges

94 1585 162 1628 non
185 1564 288 1648 magis
307 1561 368 1626 tibi
385 1562 547 1627 incurvari
564 1562 660 1628 licere
679 1585 776 1648 quam
795 1563 859 1647 illi,
882 1564 910 1628 si
929 1562 1000 1647 quis
1019 1562 1116 1628 modo

51 1674 77 1717 1⁵
96 1655 145 1716 est
175 1651 294 1715 fabulis
326 1650 477 1734 traditus,
514 1651 606 1716 cuius
637 1653 756 1717 umeris
788 1651 927 1717 mundus
959 1653 1117 1717 innititur.

97 1738 225 1804 Caesari
257 1760 386 1824 quoque
418 1739 495 1824 ipsi,
527 1740 579 1804 cui
611 1741 719 1804 omnia
750 1741 862 1823 licent,
894 1745 1028 1825 propter
1053 1741 1151 1809 hoca

96 1829 203 1912 ipsum
227 1828 330 1893 multa
352 1850 420 1893 non
440 1829 554 1894 licent:
578 1828 723 1893 omnium
747 1850 876 1893 somnos
900 1829 987 1894 illius
1005 1829 1118 1914 vigilia

96 1917 252 2000 defendit,
280 1916 425 1982 omnium
449 1918 551 1982 otium
574 1917 662 1983 illius
684 1918 791 2001 labor,
819 1918 964 1982 omnium
988 1918 1117 1983 delicias

97 2006 184 2070 illius
215 2005 387 2090 industria,
419 2007 565 2071 omnium
592 2007 792 2072 vacationem
820 2005 907 2071 illius
939 2006 1117 2091 occupatio.

50 2120 78 2161 ro
97 2118 136 2160 ex
160 2116 223 2178 quo
248 2116 282 2159 se
302 2093 418 2160 Caesar
440 2095 511 2160 orbi
534 2099 690 2160 terrarum
714 2094 886 2177 dedicavit,
910 2095 972 2159 sibi
990 2095 1118 2180 cripuit,

97 2188 128 2250 et
152 2184 292 2249 siderum
315 2185 428 2269 modo,
451 2207 532 2269 quae
555 2185 734 2269 inrequieta
757 2206 883 2268 semper
905 2205 1017 2249 cursus
1041 2205 1116 2250 suos

185 2397 201 2449 1
221 2397 335 2452 fortuna
355 2397 378 2452 0
400 2402 439 2467 pf>
463 2399 500 2466 (=
513 2397 651 2467 potentia)
672 2398 707 2451 H
729 2396 732 2469 l
759 2397 911 2465 quicquam
930 2395 1047 2452 arbitrio
1066 2399 1116 2451 tuo

96 2467 189 2521 facere
211 2469 234 2523 0
258 2469 388 2537 inquam,
413 2467 472 2522 arb.
490 2471 511 2523 t.
532 2485 616 2540 agere
636 2467 718 2523 Gertz
741 2467 752 2540 ll
776 2467 794 2522 ὅ
817 2467 970 2538 exigendus
989 2471 1033 2524 est
1055 2468 1116 2538 (cfr.

97 2555 138 2606 ep.
157 2543 201 2605 86,
215 2545 266 2605 10‚·
286 2542 330 2606 95,
344 2541 390 2609 57)
415 2542 519 2595 rettuua‘
543 2540 697 2610 exigendus
720 2539 744 2593 is
768 2540 811 2594 est
828 2540 898 2594 BH
919 2539 1069 2609 erigendus
1091 2539 1116 2593 is

97 2611 141 2663 est
153 2610 220 2663 DE
241 2610 391 2679 erigendus
409 2613 475 2665 tuus
498 2612 565 2681 (scil.
585 2611 706 2680 animus)
727 2612 771 2666 est
789 2611 945 2666 Pu'ucc'uuus
967 2610 1116 2682 erigendus

96 2680 158 2748 ipse
177 2696 206 2734 es
221 2681 338 2749 Lipsius
356 2681 525 2750 digerendus
543 2681 599 2736 tibi
618 2684 661 2736 est
677 2681 759 2738 Gertz
776 2680 786 2754 ll
803 2681 912 2736 tflere:
926 2684 980 2736 ut.
997 2681 1116 2753 ,poesia

96 2753 130 2806 ut
148 2751 208 2806 edd.
224 2758 288 2806 aute
302 2752 473 2807 &auscium
491 2752 570 2821 flere,
588 2755 622 2807 ut
640 2795 646 2808 .
662 2796 668 2808 .
687 2752 786 2823 possis.
813 2752 853 2808 Ut
873 2753 983 2809 &ouon
1005 2753 1016 2826 Η
1039 2754 1057 2809 8
1076 2753 1117 2806 la-

98 2821 199 2876 crimas
227 2822 334 2877 siccare
361 2840 408 2893 epo
436 2825 535 2879 addidi
566 2825 740 2893 cupientium
772 2824 906 2880 lacrimae
937 2824 992 2879 tibi
1019 2823 1118 2879 BHG

98 2892 273 2964 cupientium
296 2893 432 2949 lacrimae
454 2897 576 2964 possint,
594 2894 649 2950 tibi
669 2897 736 2951 DE
759 2912 793 2951 eu
814 2897 1025 2966 interpolatione
1047 2901 1118 2961 orta,

98 2967 223 3035 quamuis
244 2967 346 3034 Haupt
368 2967 441 3020 tuuc
462 2968 628 3037 scripturam
650 2966 781 3033 defendat
801 2969 829 3022 et
847 2966 1070 3037 periclitantium
1089 2967 1118 3021 et

99 3080 104 3090 .
127 3078 158 3090 ..
187 3036 360 3105 cupientium
386 3036 518 3091 lacrimas
545 3038 731 3106 <siccare>‚
758 3037 813 3092 tibi
836 3038 931 3109 Pauly
956 3040 990 3091 ut
1013 3037 1117 3091 multos

97 3107 196 3162 flentes
214 3108 309 3164 videre
327 3109 431 3177 possis,
456 3110 489 3163 ut
513 3151 520 3164 .
540 3151 546 3164 .
567 3150 572 3163 .
597 3109 771 3179 cupientium
792 3109 938 3176 lacrimas,
961 3108 1017 3163 tibi
1037 3108 1118 3164 seur

98 3181 131 3232 ut
148 3179 252 3234 multos
271 3179 353 3234 fletus
373 3180 471 3234 audire
489 3180 580 3250 possis
598 3182 643 3235 tot
655 3179 878 3249 periclitantium
893 3182 923 3234 et
937 3222 943 3234 .
959 3221 965 3233 .
982 3222 987 3235 .
1004 3180 1118 3248 cupien-

97 3250 183 3317 tium,
202 3249 338 3305 lacrimac
355 3250 411 3304 tibi
425 3251 561 3307 Schultess
579 3251 753 3320 cupientium
771 3251 906 3306 lacrimae
920 3252 1031 3320 possint
1049 3251 1117 3320 (scel.

97 3322 266 3391 pervenire),
284 3322 340 3377 tibi
354 3323 456 3378 Mueck
469 3321 519 3449 lua
537 3322 703 3377 assicandae
717 3324 745 3377 B
769 3322 772 3394 l
790 3323 826 3378 10
843 3321 997 3376 leuioribus
1011 3325 1040 3376 te
1053 3323 1121 3376 DE

98 3391 251 3447 lenioribus
266 3395 335 3448 BH
353 3392 363 3465 ll
385 3393 420 3448 12
438 3394 469 3447 in
512 3395 582 3449 BH
594 3394 655 3449 uite
669 3394 736 3448 DE
755 3393 759 3466 1
788 3393 823 3448 15
841 3394 963 3448 traditus
977 3395 1047 3448 BH
1060 3395 1118 3447 tra·

99 3463 175 3516 ditus
194 3463 275 3519 fauor
293 3465 360 3519 DE
380 3464 390 3537 ll
415 3466 449 3519 17
473 3481 585 3521 somnos
603 3465 756 3521 Scriverius
781 3466 879 3519 domos
900 3466 922 3521 O
946 3464 973 3584 g
1070 3531 1077 3542 ἱ

98 3534 204 3588 tionem
223 3537 291 3591 DE
312 3535 506 3591 euacationem
525 3537 561 3591 H
580 3537 782 3592 euocaticnem
797 3537 828 3591 B
853 3535 928 3608 Q
968 3530 1108 3582 edicam
1120 3527 1147 3572 Q»

99 3605 297 3661 declinaritB
314 3608 321 3682 J
340 3606 396 3664 sibi
411 3609 436 3666 0
453 3627 484 3667 se
503 3607 562 3667 sibi
576 3610 608 3667 D
629 3610 686 3680 cfr.
701 3609 790 3666 Gesta
809 3624 824 3663 s
884 3604 973 3659 .er·c.
988 3595 1094 3662 ‘affl‘

953 3464 961 3535 l
980 3464 1016 3519 19
1033 3480 1123 3516 naca-
