2400 3840
91 218 158 285 304
293 217 325 271 L.
339 212 481 269 ANNAEI
500 213 665 269 SENECAE
682 214 778 269 DLAL.
791 212 859 270 ΗΒ.
872 212 907 267 X.

89 363 265 428 consistere
294 361 329 427 in
358 383 423 426 una
452 360 628 445 cupiditate
656 382 724 425 non
749 363 895 444 possunt.
939 382 1007 426 non
1035 364 1116 426 sunt

90 452 155 517 illis
186 451 278 537 longi
310 450 390 534 dies,
423 451 479 515 sed
507 450 616 533 invisi3
648 453 683 514 at
710 452 824 515 contra
851 471 947 534 quam
974 450 1115 537 exiguae

89 544 200 606 noctes
222 540 384 624 videntur,
408 560 487 623 quas
510 540 545 603 in
568 540 727 623 conplexu
751 541 931 604 scortorum
954 542 1011 604 aut
1033 541 1113 605 vino

55 629 237 716 sexiguntl
282 629 356 694 inde
384 629 480 694 etiam
506 631 673 712 poetarum
696 628 788 693 furor
809 627 927 692 fabulis
950 628 1113 695 humanos

89 741 213 785 errores
240 719 409 801 alentium,
440 717 556 801 quibus
585 719 673 783 visus
701 720 751 782 est
771 715 919 801 Iuppiter
941 718 1112 802 voluptate
1145 740 1152 778 r

90 807 279 874 concubitus
302 809 461 873 delenitus
484 805 664 890 duplicasse
685 809 828 872 noctem:
852 806 930 889 quid
953 805 1042 871 aliud
1061 811 1114 872 est

89 897 168 962 vitia
198 901 311 964 nostra
341 896 509 962 incendere
540 917 637 979 quam
666 898 813 960 auctores
843 895 908 961 illis
936 895 1113 961 inscribere

90 987 165 1052 deos
202 991 235 1052 et
271 987 346 1052 dare
382 985 496 1051 morbo
533 986 681 1069 exemplo
716 984 893 1049 divinitatis
925 988 1113 1050 excusatam

88 1075 274 1142 licentiam?
308 1079 446 1158 possunt
468 1074 539 1139 istis
561 1095 629 1139 nen
645 1073 851 1139 brevissimae
869 1072 971 1138 videri
988 1077 1113 1158 noctes,

88 1186 169 1250 quas
198 1168 266 1230 tam
296 1185 368 1229 care
397 1163 600 1228 mercantur?
652 1163 737 1228 diem
759 1163 864 1228 noctis
887 1163 1114 1247 expectatione
1132 1184 1152 1224 1(

88 1255 241 1339 perdunt,
263 1256 392 1319 noctem
413 1252 496 1317 lucis
519 1255 618 1316 metu.

55 1361 70 1410 1
178 1340 281 1407 XVlI.
317 1340 410 1426 Ipsae
436 1342 620 1424 voluptates
650 1361 761 1406 eorum
787 1340 931 1424 trepidae
957 1344 990 1404 et
1012 1340 1113 1406 variis

88 1432 264 1497 terroribus
296 1431 458 1513 inquietae
491 1433 567 1494 sunt
598 1430 748 1513 subitque
779 1451 854 1495 cum
887 1429 1027 1494 maxime
1058 1452 1113 1494 ex·

90 1521 240 1585 saltantis
263 1520 402 1584 sollicita
425 1519 593 1605 cogitatio:
617 1518 711 1584 ‘haec
734 1540 832 1602 quam
854 1517 947 1583 diur’
983 1518 1023 1584 ab
1047 1519 1112 1584 hoc

90 1609 206 1674 affectu
228 1629 320 1694 reges
343 1628 434 1674 suam
458 1609 573 1673 flevere
595 1607 788 1692 potentiam,
809 1628 869 1672 nec
891 1607 966 1673 illos
987 1609 1112 1693 magni·
1130 1627 1151 1669 rr

88 1697 168 1763 tudo
195 1697 344 1763 fortunae
371 1720 446 1763 suae
474 1698 658 1778 delectavit,
680 1697 736 1762 sed
757 1700 911 1762 venturus
935 1695 1111 1780 aliquando

55 1805 70 1852 2
89 1787 164 1852 finis
187 1787 349 1853 exterruit.
387 1808 461 1853 cum
483 1808 681 1872 permagna
703 1807 892 1870 camporum
915 1785 1020 1870 spatia
1037 1807 1112 1870 por·

88 1877 207 1964 rigeret
238 1877 414 1942 exercitum
444 1898 504 1942 neo
535 1897 706 1940 numerum
738 1875 805 1940 eius
838 1875 894 1940 sed
925 1895 1111 1939 mensuram

89 1967 320 2051 conprenderet
351 1965 521 2031 Persarum
553 1987 610 2029 rex
641 1964 924 2047 insolentissimus,
959 1963 1110 2029 lacrimas

88 2056 246 2140 profudit,
283 2056 370 2139 quod
406 2054 491 2119 intra
526 2057 656 2119 centum
688 2073 789 2119 annos
820 2073 915 2117 nemo
947 2074 988 2117 ex
1019 2056 1111 2118 tanta
1129 2073 1151 2114 rr

88 2146 254 2210 iuventute
284 2143 508 2228 superfuturus
539 2146 635 2208 esset:
665 2146 699 2208 at
727 2143 792 2208 illis
823 2141 1011 2207 admoturus
1040 2147 1110 2206 erat

88 2234 191 2298 fatum
214 2234 284 2317 ipse
308 2233 364 2316 qni
382 2233 480 2297 flebat
497 2233 744 2317 perditurusque
762 2231 842 2296 alios
861 2230 896 2295 in
914 2231 1009 2314 mari,
1028 2231 1110 2296 alios

88 2322 124 2386 in
155 2325 252 2405 terra,
285 2323 365 2387 alios
397 2322 535 2406 proelio,
567 2320 647 2385 alios
676 2321 755 2406 fuga
784 2324 818 2385 et
843 2319 929 2384 intra
956 2320 1109 2406 exiguum

88 2414 217 2494 tempus
240 2415 489 2494 consumpturus
512 2410 601 2493 illos,
624 2409 740 2492 quibus
759 2409 969 2475 centesimum
988 2431 1110 2474 annum

54 2499 231 2565 atimebat.
287 2501 378 2583 quid,
413 2500 499 2584 quod
531 2498 649 2586 gaudia
680 2519 809 2583 quoque
841 2519 952 2564 eorum
983 2498 1111 2582 trepida
1129 2517 1151 2557 n

90 2588 187 2656 sunt?
230 2609 298 2653 non
324 2590 410 2654 enim
438 2589 550 2654 solidis
576 2588 680 2653 causis
703 2588 896 2671 innituntur,
919 2587 976 2651 sed
998 2587 1109 2652 eadem

90 2700 154 2762 qua
184 2678 332 2742 oriuntur
358 2678 499 2742 vanitate
526 2677 705 2744 turbantur.
752 2677 860 2761 qualia
882 2679 990 2741 autem
1013 2680 1109 2761 putas

89 2788 158 2833 esse
187 2771 334 2851 tempora
363 2768 460 2831 etiam
487 2767 632 2850 ipsorum
659 2765 860 2832 confessione
882 2764 1012 2848 misera,
1035 2787 1109 2830 cum

88 2856 168 2923 haec
198 2878 340 2941 quoque,
370 2857 486 2940 quibus
517 2877 551 2920 se
581 2856 737 2921 attollunt
763 2859 794 2920 et
821 2877 917 2939 super
944 2853 1110 2919 hominem

54 2947 239 3030 saffenmt‚
267 2968 381 3030 parum
412 2945 535 3010 sincera
562 2944 649 3010 sint?
693 2943 834 3010 maxima
856 2964 1002 3027 quaeque
1024 2943 1110 3009 bona
1129 2961 1150 3001 eo

90 3037 229 3102 sollicita
256 3039 332 3100 sunt
358 3057 418 3100 neo
444 3034 504 3099 ulli
529 3035 677 3099 fortunae
700 3033 806 3098 minus
828 3033 909 3098 bene
933 3053 1032 3116 quam
1054 3054 1110 3116 op·

89 3126 186 3191 timae
216 3125 368 3191 creditur:
401 3123 464 3188 alia
492 3123 646 3188 felicitate
676 3122 715 3187 ad
743 3123 895 3188 tuendam
921 3121 1110 3187 felicitatem

178 3301 196 3355 2
209 3300 267 3355 illis
283 3303 378 3356 Mares
396 3299 440 3353 illi
453 3301 481 3354 A
499 3298 509 3371 ΙΙ
527 3299 562 3353 15
575 3298 743 3368 magnitudo
755 3298 825 3368 oolq.
841 3296 1067 3368 magnitudinem
1082 3298 1111 3353 A

89 3371 121 3427 ia
139 3389 192 3443 qao
209 3372 377 3442 magnitudo
395 3371 509 3425 interim
528 3372 610 3425 latere
631 3369 713 3425 Gertz
730 3368 908 3441 suspirabat
934 3368 969 3422 17
989 3369 1111 3423 externit

90 3445 119 3498 A
142 3445 152 3517 ll
179 3443 214 3498 19
238 3444 318 3498 rexin
343 3442 546 3497 solertissimus
567 3441 610 3496 A²
634 3457 702 3496 corr.
724 3457 758 3496 cx
781 3439 855 3494 rexit
879 3439 1084 3495 recentissimus
1101 3439 1111 3512 ll

86 3514 126 3569 24
141 3520 227 3570 anum
241 3516 270 3570 A
290 3516 437 3586 (sispalona
454 3514 520 3568 odd.
534 3515 595 3567 olio
612 3515 658 3581 m.)
680 3512 691 3584 Η
714 3510 751 3566 25
769 3511 845 3580 quod
863 3510 946 3581 A¹(?)
964 3510 1028 3580 quit
1040 3509 1084 3567 A¹
1100 3519 1111 3574 ΙΙ

72 3585 116 3640 27
130 3603 190 3655 qua
208 3603 279 3645 corr.
296 3605 334 3644 ca·
351 3603 427 3659 quae
441 3588 471 3646 A
489 3586 502 3663 u
516 3585 554 3644 ab
574 3583 746 3642 sincerasint
759 3583 797 3638 A*
815 3583 991 3636 statement
1004 3581 1043 3636 A⁸
