2400 3840
351 759 391 832 n.
418 757 610 832 auulsi
639 758 857 858 sanaem

161 934 665 1035 DIALOGORVM
696 936 922 1034 LIBER
949 937 1042 1038 IX.

499 1109 542 1150 AD
556 1109 704 1151 suanm

340 1234 389 1287 DE
408 1232 728 1298 TRANQVILLITATE
746 1234 870 1301 ANIMI„

56 1517 71 1566 1
179 1499 204 1567 Ι.
241 1497 422 1589 (Saraucae)
467 1500 647 1586 Inquirenti
680 1503 761 1568 milri
796 1504 831 1568 in
864 1527 915 1569 me
952 1507 1117 1588 quaedam

90 1590 169 1655 vitia
187 1591 397 1676 apparebant,
415 1588 542 1672 Somou,
560 1596 694 1675 retecta,
711 1593 746 1656 in
764 1595 874 1677 aperto
888 1593 1010 1679 posita,
1030 1617 1116 1681 quae

90 1702 187 1744 manu
216 1680 416 1765 pranderem,
449 1680 604 1764 quaedam
635 1681 821 1747 obscuriora
850 1685 882 1747 et
910 1683 945 1748 in
972 1706 1117 1770 recessu,

92 1769 247 1853 quaedam
280 1792 347 1833 non
381 1770 533 1835 continua
567 1771 622 1836 sed
656 1793 696 1835 ex
727 1771 903 1837 intervallis
932 1772 1116 1860 redeuntia,

91 1880 171 1942 quae
198 1860 251 1924 vel
277 1859 504 1924 molestissima
531 1859 679 1943 dixerim,
705 1863 742 1924 ut
764 1861 867 1926 hostis
889 1882 990 1947 vagos
1015 1867 1051 1929 et
1075 1887 1116 1930 ex
1144 1882 1155 1922 ⁵

90 1948 311 2014 occasionibus
339 1948 529 2031 adsilientis,
558 1971 615 2032 per
644 1970 724 2032 quos
751 1953 901 2014 neutrum
928 1951 1019 2036 licet,
1052 1976 1115 2020 nec

88 2041 254 2121 tamquam
276 2037 311 2101 in
333 2036 419 2102 bello
442 2041 591 2121 paratum
614 2060 682 2104 esse
705 2059 765 2103 nec
787 2042 952 2122 tamquam
976 2039 1012 2105 in
1030 2064 1115 2126 pace

53 2141 69 2189 2
89 2146 245 2190 securum.
277 2126 370 2190 illum
388 2130 497 2191 tamen
514 2127 661 2191 habitum
680 2127 714 2190 in
728 2149 778 2192 me
793 2128 931 2193 maxime
945 2127 1115 2214 deprendo

89 2211 201 2298 (quare
229 2215 315 2278 enim
340 2237 407 2279 non
436 2237 547 2280 verum
570 2219 606 2280 ut
629 2215 752 2280 medico
776 2213 912 2303 fatearl)
939 2238 1001 2284 nec
1023 2220 1116 2287 bona

89 2302 152 2367 fide
180 2302 351 2367 liberatum
382 2325 433 2368 me
463 2304 504 2387 is,
534 2325 615 2387 quae
644 2304 797 2370 timebam
821 2308 853 2370 et
876 2305 1021 2392 oderam,
1053 2333 1116 2378 nec
1132 2329 1155 2370 ιο

87 2413 197 2456 rursus
221 2391 411 2477 obnoxium3
433 2392 468 2457 in
485 2396 572 2457 statu
589 2396 710 2459 utnon
728 2394 881 2478 pessimo,
904 2395 951 2459 ita
968 2400 1116 2466 maxime

177 2566 193 2620 1
208 2565 418 2636 (SERENVS)
432 2573 458 2622 et
471 2569 552 2622 tuitio
566 2585 626 2637 cap.
634 2569 671 2621 11
683 2567 866 2636 (SENECA)
880 2570 993 2626 addidit
1002 2572 1115 2643 Haase,

87 2643 120 2692 ut
141 2638 310 2707 siquificaret
331 2639 495 2707 colloquium
517 2641 561 2693 luc
583 2640 652 2709 {lupi
674 2639 790 2694 Seueccc
808 2647 833 2695 et
850 2639 958 2708 Sereni,
983 2643 1016 2698 id
1038 2648 1116 2715 quod

90 2708 245 2763 Gronovius
259 2710 368 2777 pomus
386 2711 530 2780 colleperat
547 2727 560 2764 e
577 2712 682 2766 uerbis:
709 2709 819 2775 Quaero
837 2713 1033 2770 mehercules
1053 2719 1114 2773 iam

88 2779 207 2846 dudum,
227 2780 340 2847 Serene,
360 2781 421 2850 ipse
435 2782 539 2835 tacitus
558 2799 608 2850 eqs.
624 2784 694 2852 (cap.
710 2783 749 2836 ΙΙ
759 2785 785 2852 1)
804 2781 814 2854 Η
831 2782 849 2836 2
864 2783 984 2852 Seneca,
998 2789 1114 2845 retecta

90 2851 172 2906 Gertz
190 2851 296 2906 Seneca
314 2853 346 2907 iu
359 2854 387 2907 A
405 2870 462 2907 uou
480 2854 587 2923 lcqilur,
601 2855 633 2907 iu
647 2866 664 2907 s
680 2870 779 2908 uorum
792 2870 909 2923 prum
922 2861 1114 2916 necessarium

87 2924 119 2978 iu
137 2924 225 2978 locum
243 2924 318 2978 verbi
335 2924 407 2992 quod
425 2924 457 2978 iu
474 2925 503 2979 A
525 2926 647 2993 sequitur
669 2924 788 2991 reiecta,
808 2927 965 2982 coniectura
982 2935 1017 2984 ut
1035 2933 1114 2988 vide-

86 3000 141 3061 tur,
159 2995 335 3050 substitutum
353 3001 399 3050 est.
429 2996 520 3049 reteta
538 3012 613 3050 nuuc
626 2997 654 3050 A
672 3012 706 3049 ec
724 3012 793 3051 corr.
813 2997 892 3052 ‘saue
908 3013 968 3053 uou
985 3001 1114 3059 daucido

86 3066 243 3135 rutulant-
267 3083 301 3120 σω
320 3065 362 3121 A¹
386 3068 525 3134 scriptura
549 3067 614 3121 hacc
640 3068 839 3136 dispiciuntur:
866 3067 955 3142 rejelll
977 3077 1011 3127 ut
1040 3082 1113 3132 recle

86 3138 214 3192 videatur
237 3137 318 3192 Gertz
340 3139 483 3192 coniecisse
502 3136 545 3193 A¹
567 3137 672 3206 rejecta
695 3140 760 3193 clim
781 3140 921 3207 habuisse,
943 3141 1049 3200 deinde
1071 3146 1114 3202 A⁶

86 3210 135 3263 hoc
158 3211 190 3263 iu
214 3211 322 3263 retecta
346 3215 452 3264 mutare
475 3209 604 3275 uoluisse,
628 3210 675 3264 sed
699 3211 811 3264 iuceuc’u
835 3212 926 3265 reteta
948 3217 1110 3290 marana}

86 3280 180 3347 posita
202 3286 223 3349 q
247 3280 289 3335 A⁶
313 3280 439 3350 positaq3
465 3296 520 3351 quq
547 3282 612 3352 (quq
637 3298 657 3335 r.
679 3283 756 3350 uus.)
780 3282 857 3336 ΑΗ
883 3289 916 3339 ut
938 3286 1007 3354 vid,
1034 3290 1113 3346 unde

78 3351 211 3406 massua
230 3351 328 3421 posita
347 3368 475 3422 quaeque
495 3353 565 3406 caui.
587 3352 598 3424 ll
622 3351 640 3406 4
658 3351 805 3406 redeuntia
824 3359 844 3422 q
861 3353 904 3408 A⁵
920 3355 1112 3430 redeuntiaq3

68 3427 220 3557 alguque
237 3442 258 3481 a
275 3427 313 3499 v.)
331 3427 412 3484 ΑΜ
435 3424 448 3503 ss
470 3424 506 3482 10
527 3422 824 3497 liberatumlmeisquq
844 3426 886 3494 <rip
906 3433 1004 3495 pos-tea
1026 3447 1113 3490 erm

54 3503 86 3540 ee
