2400 3840
341 658 381 731 n.
408 657 602 730 innisi
631 656 850 730 sunnone

169 833 661 934 DIALOGORVM
687 834 907 932 LIBER
933 834 1030 934 ΠΙ.

495 1007 538 1049 nn
552 1007 705 1050 sovnnvn

532 1131 581 1186 DE
600 1130 664 1185 IRA

501 1275 649 1316 LIBER
675 1276 695 1317 I.

54 1444 70 1492 1
179 1418 202 1484 Ι.
226 1419 374 1505 Exegisti
396 1442 415 1483 a
437 1441 503 1502 me,
524 1417 664 1502 Novate,
691 1423 729 1483 ut
757 1420 926 1485 scriberem
959 1425 1116 1505 quemad·

89 1508 222 1575 modum
253 1512 363 1593 posset
394 1509 443 1572 ira
468 1509 576 1592 leniri,
606 1530 666 1574 nec
694 1508 854 1573 immerito
886 1509 969 1574 mihi
991 1513 1115 1580 videris

88 1599 176 1664 hunc
205 1599 375 1683 praecipue
405 1597 554 1662 affectum
582 1597 785 1681 pertimuisse
812 1599 952 1662 maxime
979 1622 1024 1666 ex
1048 1625 1116 1668 om-

88 1688 183 1753 nibus
206 1691 345 1752 taetrum
368 1708 405 1752 ec
427 1687 582 1752 rabidum.
620 1686 733 1752 ceteris
757 1687 842 1752 enim
865 1687 989 1772 aliquid
1011 1692 1116 1776 quieti

88 1776 271 1862 placidique
302 1778 400 1861 inest,
435 1776 489 1841 hic
520 1779 607 1840 totus
641 1776 818 1842 concitatus
851 1780 883 1841 et
913 1777 950 1841 in
984 1777 1149 1865 impetus

88 1866 208 1933 doloris
239 1869 300 1950 est,
329 1888 491 1930 armorum
522 1865 687 1950 sanguinis
715 1865 948 1949 suppliciorum
976 1869 1116 1935 minime

87 1955 228 2021 humana
254 1956 363 2021 furens
386 1955 576 2040 cupiditate,
603 1954 679 2018 dum
707 1954 800 2018 alteri
822 1957 937 2020 noceat
960 1957 1015 2021 sui
1039 1981 1116 2046 neg·

87 2045 211 2129 legens,
237 2044 272 2108 in
301 2046 372 2129 ipsa
394 2046 518 2108 irruens
540 2044 605 2107 tela
628 2047 660 2107 et
682 2043 815 2108 uitionis
839 2064 947 2109 secum
970 2045 1116 2113 ultorem

53 2136 246 2202 structurae
279 2133 399 2198 avidus.
454 2132 586 2216 quidem
621 2132 730 2216 itaque
762 2155 779 2196 e
809 2131 1010 2217 sapientibus
1036 2138 1115 2204 viris

88 2221 169 2285 irem
200 2221 349 2286 dixerunt
370 2222 499 2286 brevem
522 2221 693 2305 insaniam3
716 2242 815 2305 aeque
838 2221 924 2286 enim
947 2221 1115 2308 impotens
1130 2248 1150 2288 rr

89 2311 139 2376 sui
169 2313 230 2394 est,
262 2310 386 2375 decoris
416 2310 529 2393 oblita,
560 2310 831 2376 necessitudinum
859 2311 1050 2400 immemor,
1082 2316 1116 2380 in

90 2398 176 2482 quod
208 2399 316 2483 coepit
346 2399 494 2483 pertinax
525 2402 558 2463 et
583 2399 720 2482 intente,
751 2400 869 2464 rationi
900 2401 1115 2489 consiliisque

88 2488 269 2572 praeclusa,
299 2487 391 2553 venis
423 2488 544 2573 agitate
575 2489 694 2571 causis,
725 2488 765 2552 ad
797 2489 978 2573 dispectum
1016 2494 1115 2579 aequi

88 2577 219 2661 verique
242 2577 408 2661 inhabilis,
430 2578 531 2642 ruinis
551 2576 730 2660 simillime,
753 2599 834 2661 quae
854 2599 949 2661 super
968 2577 1004 2643 id
1024 2582 1115 2667 qnod

54 2687 70 2735 3
90 2687 275 2750 oppressere
298 2667 498 2752 frengrmtur.
537 2669 575 2729 ut
598 2667 678 2731 scies
703 2669 809 2731 eutem
831 2689 898 2731 non
921 2688 991 2732 esse
1015 2691 1114 2738 senos
1129 2691 1150 2733 c

178 2825 216 2877 Ic
233 2823 262 2878 A
280 2824 346 2878 haec
360 2824 469 2893 papirio
491 2823 629 2892 (fot12r)
654 2825 800 2878 recentiore
822 2840 909 2879 crocu
930 2826 1041 2894 scripta
1066 2835 1114 2885 eet.

89 2894 164 2949 Eius
181 2896 334 2963 ecripnerae
348 2894 489 2949 Gerteicm
507 2902 616 2950 secutus
634 2895 726 2949 littera
740 2913 758 2949 a
771 2897 893 2965 sequaci,
907 2895 965 2950 cod.
981 2896 1114 2956 Lauren-

88 2967 162 3020 ticni
180 2966 307 3021 tentiones
324 2966 358 3021 L.

165 3039 196 3113 Ι2
217 3040 333 3095 imerito
352 3059 370 3095 c
389 3043 426 3110 (et
442 3042 482 3095 etc
499 3058 603 3110 semper
623 3042 721 3109 sperus
742 3042 858 3110 {potens
875 3041 933 3111 etc.)
946 3039 958 3113 Η
970 3041 992 3097 4
1003 3043 1114 3101 tetrum

88 3130 107 3167 c
129 3114 276 3183 (nusquam
293 3114 360 3167 tuce
381 3129 481 3167 manus
504 3128 537 3166 ee
561 3113 669 3180 eor-ibit,
691 3113 770 3166 semel
789 3129 817 3185 e,
841 3113 911 3168 aliti
931 3128 1041 3183 semper
1059 3118 1088 3189 e)
1104 3115 1115 3189 11

88 3186 106 3242 ὅ
124 3186 251 3257 inipetu
271 3187 376 3242 doloris
394 3189 437 3242 est
455 3205 474 3242 c
491 3188 522 3242 in
540 3188 649 3258 impetu
666 3189 709 3242 est
724 3188 827 3242 doloris
842 3189 869 3243 L
887 3187 918 3240 in
931 3186 1047 3257 impetu
1061 3194 1113 3258 est,

89 3258 193 3314 doloris
218 3277 270 3329 cqc.
292 3260 489 3314 commendavit
513 3277 601 3328 cuper
627 3261 668 3315 W.
685 3259 791 3314 Gemoll
815 3259 826 3332 t
852 3259 867 3314 7
891 3257 1043 3330 negligens
1062 3280 1084 3319 a
1104 3261 1115 3337 ΙΙ

89 3329 106 3384 8
119 3329 235 3385 ultionis
255 3332 289 3402 (ti
302 3333 334 3386 ic
346 3333 413 3399 rae.)
432 3349 451 3385 a
460 3332 487 3385 L
503 3332 505 3395 ξ
523 3347 618 3385 secum
631 3331 752 3385 ultorem
766 3333 877 3386 trectue
891 3330 918 3385 L
936 3334 1005 3385 secu
1017 3334 1114 3389 multe

89 3404 119 3455 re
141 3403 266 3456 trecture
289 3420 357 3458 corr.
379 3404 411 3457 e'c
433 3406 499 3457 secu
521 3402 612 3456 multu
630 3402 673 3455 ire
691 3404 848 3456 tracturum
866 3419 885 3456 c
909 3399 920 3474 tl
944 3400 979 3456 11
1000 3402 1114 3461 decern

81 3488 102 3526 c.
119 3479 236 3529 accentu
254 3492 274 3530 a
288 3473 303 3550 Η
319 3473 356 3531 13
375 3474 537 3548 dispectum
552 3474 579 3529 L
598 3473 765 3544 despectum
783 3492 802 3526 o
