2400 3840
90 211 156 278 338
287 208 317 268 L.
332 207 474 263 ANNAEI
492 207 657 263 SENECAE
675 207 770 264 DIAL.
785 207 852 262 LIB.
866 206 912 263 XI.

55 352 76 420 θ’
90 376 145 421 eos
172 353 240 419 veri
270 353 368 418 etiam
397 352 517 418 invitos
548 353 767 437 compulisset.
812 352 889 418 setis
914 351 1119 436 praestiterit

89 443 187 527 ratio,
207 442 235 509 si
256 441 291 506 id
313 464 414 507 unum
435 464 476 507 ex
494 442 619 527 dolore,
642 442 728 526 quod
747 446 780 507 et
798 445 944 526 superest
961 444 995 506 et
1013 443 1120 507 abun-

90 533 160 613 dat,
191 531 359 596 exciderit:
391 534 429 595 ut
461 531 589 615 quidem
621 532 748 596 nullum
778 531 910 595 omnino
940 551 1009 595 esse
1037 553 1119 596 eum

90 621 248 705 patiatur,
275 642 336 686 nec
359 620 552 705 sperandum
575 619 636 685 ulli
656 642 717 686 nec
740 620 1031 704 concupiscendum
1057 625 1118 686 est.

90 710 178 774 bunc
207 709 317 794 potius
345 709 479 774 modum
507 712 625 792 servet,
656 710 713 793 qui
735 731 795 774 nec
816 708 1016 793 impietatem
1040 708 1119 774 imi-
1152 731 1164 772 c

89 803 177 864 tetur
198 821 259 864 noc
280 799 439 864 insaniam
463 802 496 863 et
517 820 577 863 nos
600 799 635 863 in
658 820 696 862 eo
718 801 828 863 toneat
849 798 975 882 babitu,
1000 797 1058 882 qui
1085 803 1120 864 et

89 888 162 973 piae
180 888 299 955 mentis
318 892 444 953 estnec
462 891 583 952 motae:
606 888 709 952 fluant
725 887 891 970 lacrimae,
908 887 964 952 sed
982 887 1118 952 eaedem

90 981 124 1042 et
152 977 314 1059 desinant,
344 978 515 1042 trahantur
544 998 584 1041 ex
613 977 679 1041 imo
710 977 850 1062 gemitus
879 980 1024 1061 pectore,
1058 978 1118 1042 sed

89 1066 175 1131 idem
199 1070 232 1132 et
254 1066 423 1149 finiantur;
450 1065 497 1130 sic
519 1087 594 1151 rege
617 1066 761 1130 animum
784 1069 891 1149 tuum,
913 1069 951 1130 ut
974 1069 1006 1130 ct
1029 1066 1118 1151 sapi·

56 1157 219 1221 'lentibus
251 1159 284 1220 te
316 1154 493 1239 adprobare
524 1153 630 1239 possis
662 1158 694 1218 et
725 1154 887 1219 fratribus.
933 1153 1039 1238 effice,
1080 1160 1119 1220 ut
1138 1178 1165 1217 1o

89 1244 275 1330 frequenter
303 1244 411 1309 fratris
441 1244 491 1307 tui
520 1243 708 1308 memoriam
738 1243 800 1308 tibi
829 1243 908 1308 vebs
936 1265 1119 1328 occurrere,

89 1337 127 1398 ut
153 1335 247 1398 illum
276 1336 309 1397 et
336 1333 537 1397 sermonibus
566 1332 707 1397 celebres
730 1336 763 1397 ot
785 1332 919 1398 adsidua
940 1333 1118 1398 recordati-

92 1444 154 1487 one
171 1424 391 1505 repraesentes
409 1421 484 1504 tibi,
504 1421 591 1505 quod
609 1423 656 1485 ita
670 1421 799 1486 demum
814 1421 968 1505 consequi
980 1423 1118 1507 poteris,

90 1511 119 1575 si
141 1511 203 1574 tibi
225 1509 414 1574 memoriam
438 1509 506 1575 eius
529 1509 703 1576 iucundam
725 1511 829 1597 magis
853 1531 950 1594 quam
972 1510 1119 1577 flebilem

90 1598 217 1682 feceris3
249 1600 397 1664 naturale
429 1602 479 1664 est
506 1599 606 1684 enim,
636 1603 675 1664 ut
702 1621 829 1683 semper
856 1601 981 1664 animus
1008 1599 1049 1664 ab
1077 1624 1164 1667 eo1s

55 1705 71 1753 8
90 1687 245 1774 refugiat,
267 1688 307 1752 ad
331 1688 515 1772 quodcum
538 1688 671 1755 tristitie
692 1689 872 1753 revertitur.
918 1688 1027 1773 cogita
1044 1713 1118 1756 mo·

91 1778 226 1843 destiam
257 1778 341 1862 eius,
371 1777 479 1863 cogita
508 1778 543 1842 in
571 1779 668 1843 rebus
698 1778 830 1864 agendis
858 1779 1048 1862 sollertiam,
1082 1781 1118 1844 in

91 1867 285 1950 exequendis
335 1866 542 1951 industriam,
591 1868 626 1932 in
675 1866 842 1951 promissis
888 1867 1117 1933 constantiam.

91 1957 199 2021 omnia
229 1956 315 2022 dicta
344 1957 412 2021 eius
442 1977 479 2021 ac
506 1955 592 2021 facta
619 1958 652 2021 et
679 1955 750 2021 aliis
777 1977 902 2040 expone
930 1959 963 2021 et
984 1956 1119 2023 tibimet

91 2046 160 2130 ipso
188 2066 402 2111 conmemora.
439 2045 543 2127 qualis
562 2045 661 2110 fuerit
679 2046 787 2131 cogita
806 2045 972 2129 qualisque
991 2047 1118 2129 sperari
1136 2069 1164 2111 eo

90 2135 246 2219 potuerit:
275 2133 352 2218 quid
380 2134 466 2199 enim
495 2134 534 2198 de
561 2133 618 2198 illo
646 2155 713 2198 non
740 2137 812 2199 tuto
841 2133 992 2217 sponderi
1013 2134 1119 2201 fratre
1148 2167 1151 2171 ’

116 2224 222 2288 osset?

57 2245 113 2374 91)
181 2311 285 2393 Haec,
307 2315 482 2396 utcumque
500 2311 608 2396 potui,
629 2312 729 2398 longo
747 2312 813 2376 iam
832 2312 896 2377 situ
916 2312 1062 2377 obsoleto
1084 2318 1119 2379 et

91 2400 241 2465 hebetato
265 2400 373 2464 animo
397 2401 574 2485 composui.
620 2422 702 2484 quae
726 2401 754 2466 si
776 2405 833 2466 aut
849 2424 965 2488 parum
983 2422 1119 2486 respon-

92 2489 166 2554 dere
189 2488 319 2574 ingenio
343 2493 400 2554 tuo
424 2494 480 2554 aut
502 2512 617 2572 parum
641 2489 762 2554 mederi
784 2490 889 2555 dolori
911 2490 1120 2577 videbuntur,
1137 2513 1163 2555 es

93 2578 214 2664 cogita,
237 2599 334 2660 quam
356 2600 423 2642 non
445 2579 550 2663 possit
572 2580 600 2643 is
618 2579 741 2644 abenas
759 2600 872 2645 vacare
891 2580 1121 2666 consolationi,

182 2789 198 2842 1
222 2804 270 2843 eos
292 2788 406 2858 uera(?)
430 2789 517 2842 etiam
540 2789 645 2842 inuitos
665 2789 847 2858 compulisset
862 2788 905 2844 A*
922 2796 955 2844 ut
971 2791 1027 2844 oid.
1044 2791 1072 2845 V
1091 2799 1120 2848 et
1146 2844 1152 2856 ,

91 2863 170 2930 υοῐ9.,
195 2861 252 2914 aiei
276 2860 349 2928 quod
372 2859 431 2913 veri
456 2861 547 2927 boba,
572 2861 646 2928 quod
668 2862 751 2914 etiam
773 2862 805 2915 in
823 2860 865 2915 A*
886 2861 973 2927 furcae
990 2862 1046 2916 oid.
1066 2878 1119 2918 eos

92 2948 190 2987 ueram
210 2931 297 2986 etiam
316 2948 363 2999 eos
381 2931 486 2984 inuitos
506 2931 688 2999 compulisset
701 2933 729 2985 B
748 2947 845 2986 ueram
864 2932 951 2986 etiam
972 2947 1019 2986 eos
1039 2949 1119 2988 com-

92 3004 212 3072 pulisset
229 3004 335 3057 inuitos
349 3003 384 3056 H
388 3002 414 3056 G
432 3009 457 3056 et
475 3002 529 3056 duo
550 3003 664 3058 Grutera'
680 3019 779 3057 ueram
798 3003 884 3057 etiam
899 3019 946 3057 eos
961 3004 1120 3073 compellat

93 3075 229 3144 (complet
242 3075 283 3144 D)
298 3073 402 3128 inuitos
416 3074 479 3128 DE
495 3072 505 3145 ll
523 3073 627 3127 Erotio
643 3073 727 3144 (A²?)
737 3073 840 3128 DEB¹
854 3075 944 3128 oratio
959 3077 988 3129 B
993 3074 1067 3129 ¹611
1069 3077 1120 3150 ΠΙ

93 3145 110 3198 ὅ
135 3146 312 3214 impietatem
336 3145 359 3200 0
382 3143 519 3214 pietatem
538 3147 566 3199 A
592 3146 641 3214 qai
664 3162 762 3200 morsus
786 3147 886 3214 incipit
907 3164 926 3200 o
947 3147 1037 3201 ambis
1062 3164 1119 3204 nec

92 3217 230 3286 pietatem
248 3218 376 3272 imitetur
397 3215 408 3288 ll
431 3217 446 3270 7
465 3218 560 3270 motae
574 3216 701 3271 DEGV
718 3219 823 3280 imotae
836 3218 865 3270 B
886 3218 965 3270 motu
980 3218 1015 3271 H
1033 3235 1069 3273 cae
1087 3222 1120 3277 A

92 3289 625 3414 zelliarisla‘asaeelel
640 3288 1030 3431 {sclezistadt
1042 3289 1119 3430 ssi·

93 3433 154 3485 tore
177 3431 239 3486 AV
260 3433 374 3500 pectore
401 3430 524 3501 gemitus
554 3431 577 3486 0
602 3430 613 3503 ll
640 3431 674 3484 11
700 3447 844 3485 occurrere
870 3431 893 3486 O
920 3447 1033 3486 occurre
1054 3434 1084 3488 A
1108 3435 1120 3508 ss

91 3502 129 3555 22
144 3503 243 3571 posset
261 3505 289 3557 A
307 3509 340 3557 ut
356 3503 410 3557 aid.
426 3503 457 3556 E
481 3503 568 3557 ‘oetas
591 3503 669 3557 lectio
687 3503 834 3557 Ptaoioai’
856 3501 947 3572 possit
962 3504 1088 3560 BDHG
1108 3516 1120 3571 u

78 3571 122 3626 26
138 3589 244 3630 uacare
268 3575 292 3632 0
313 3590 424 3647 negare
439 3575 468 3634 A
