<?xml version="1.0" encoding="UTF-8"?>
<!DOCTYPE html PUBLIC "-//W3C//DTD XHTML 1.0 Transitional//EN"
    "http://www.w3.org/TR/xhtml1/DTD/xhtml1-transitional.dtd">
<html xmlns="http://www.w3.org/1999/xhtml" xml:lang="en" lang="en">
 <head>
  <title>
</title>
<meta http-equiv="Content-Type" content="text/html;charset=utf-8" />
  <meta name='ocr-system' content='tesseract 3.04.00' />
  <meta name='ocr-capabilities' content='ocr_page ocr_carea ocr_par ocr_line ocrx_word'/>
</head>
<body>
  <div class='ocr_page' id='page_1' title='image "./dialogorumlibro00senegoog_0271.png"; bbox 0 0 2400 3840; ppageno 0'>
   <div class='ocr_carea' id='block_1_1' title="bbox 114 191 934 262">
    <p class='ocr_par' dir='ltr' id='par_1_1' title="bbox 114 191 934 262">
     <span class='ocr_line' id='line_1_1' title="bbox 114 191 934 262; baseline -0.018 1"><span class='ocrx_word' id='word_1_1' title='bbox 114 196 180 262; x_wconf 79' lang='grc'><strong>246</strong></span> <span class='ocrx_word' id='word_1_2' title='bbox 309 194 339 249; x_wconf 88' lang='lat' dir='ltr'><strong>L.</strong></span> <span class='ocrx_word' id='word_1_3' title='bbox 355 192 496 247; x_wconf 83' lang='lat' dir='ltr'><strong>ANNAEI</strong></span> <span class='ocrx_word' id='word_1_4' title='bbox 515 192 679 247; x_wconf 80' lang='lat' dir='ltr'>SENECAE</span> <span class='ocrx_word' id='word_1_5' title='bbox 698 192 874 248; x_wconf 84' lang='lat' dir='ltr'>DIAL.L1B.</span> <span class='ocrx_word' id='word_1_6' title='bbox 888 191 934 248; x_wconf 86' lang='lat' dir='ltr'><strong>IX.</strong></span> 
     </span>
    </p>
   </div>
   <div class='ocr_carea' id='block_1_2' title="bbox 57 338 1180 3009">
    <p class='ocr_par' dir='ltr' id='par_1_2' title="bbox 113 338 1141 601">
     <span class='ocr_line' id='line_1_2' title="bbox 113 338 1140 423; baseline 0.003 -20"><span class='ocrx_word' id='word_1_7' title='bbox 113 340 270 423; x_wconf 90' lang='lat' dir='ltr'><strong>paulatim</strong></span> <span class='ocrx_word' id='word_1_8' title='bbox 301 338 440 403; x_wconf 91' lang='lat' dir='ltr'><strong>defluam</strong></span> <span class='ocrx_word' id='word_1_9' title='bbox 466 360 592 421; x_wconf 87' lang='lat' dir='ltr'><strong>vereor,</strong></span> <span class='ocrx_word' id='word_1_10' title='bbox 619 342 675 403; x_wconf 89' lang='lat' dir='ltr'><strong>aut</strong></span> <span class='ocrx_word' id='word_1_11' title='bbox 699 339 786 422; x_wconf 92' lang='lat' dir='ltr'><strong>qnod</strong></span> <span class='ocrx_word' id='word_1_12' title='bbox 809 343 858 404; x_wconf 90' lang='lat' dir='ltr'><strong>est</strong></span> <span class='ocrx_word' id='word_1_13' title='bbox 881 338 1067 423; x_wconf 77' lang='lat' dir='ltr'><strong>sollicitius,</strong></span> <span class='ocrx_word' id='word_1_14' title='bbox 1096 363 1140 406; x_wconf 90' lang='lat' dir='ltr'><strong>ne</strong></span> 
     </span>
     <span class='ocr_line' id='line_1_3' title="bbox 113 427 1141 512; baseline 0.003 -20"><span class='ocrx_word' id='word_1_15' title='bbox 113 449 239 511; x_wconf 83' lang='lat' dir='ltr'>semper</span> <span class='ocrx_word' id='word_1_16' title='bbox 275 449 388 493; x_wconf 88' lang='lat' dir='ltr'><strong>casuro</strong></span> <span class='ocrx_word' id='word_1_17' title='bbox 421 427 534 492; x_wconf 90' lang='lat' dir='ltr'><strong>similis</strong></span> <span class='ocrx_word' id='word_1_18' title='bbox 566 427 723 511; x_wconf 80' lang='lat' dir='ltr'>pendeam</span> <span class='ocrx_word' id='word_1_19' title='bbox 753 431 786 493; x_wconf 94' lang='lat' dir='ltr'><strong>et</strong></span> <span class='ocrx_word' id='word_1_20' title='bbox 817 430 890 512; x_wconf 89' lang='lat' dir='ltr'><strong>plus</strong></span> <span class='ocrx_word' id='word_1_21' title='bbox 922 428 1060 493; x_wconf 86' lang='lat' dir='ltr'><strong>fortasse</strong></span> <span class='ocrx_word' id='word_1_22' title='bbox 1096 430 1141 495; x_wconf 85' lang='lat' dir='ltr'><strong>sit</strong></span> 
     </span>
     <span class='ocr_line' id='line_1_4' title="bbox 115 516 1140 601; baseline 0.004 -21"><span class='ocrx_word' id='word_1_23' title='bbox 115 539 211 600; x_wconf 91' lang='lat' dir='ltr'><strong>quam</strong></span> <span class='ocrx_word' id='word_1_24' title='bbox 235 517 322 601; x_wconf 94' lang='lat' dir='ltr'><strong>quod</strong></span> <span class='ocrx_word' id='word_1_25' title='bbox 344 519 413 601; x_wconf 90' lang='lat' dir='ltr'><strong>ipse</strong></span> <span class='ocrx_word' id='word_1_26' title='bbox 436 516 601 601; x_wconf 80' lang='lat' dir='ltr'><strong>pervide03</strong></span> <span class='ocrx_word' id='word_1_27' title='bbox 623 517 825 582; x_wconf 76' lang='lat' dir='ltr'><strong>familiariter</strong></span> <span class='ocrx_word' id='word_1_28' title='bbox 847 518 933 583; x_wconf 90' lang='lat' dir='ltr'><strong>enim</strong></span> <span class='ocrx_word' id='word_1_29' title='bbox 956 517 1140 584; x_wconf 87' lang='lat' dir='ltr'><strong>domestica</strong></span> 
     </span>
    </p>

    <p class='ocr_par' dir='ltr' id='par_1_3' title="bbox 60 605 1180 1228">
     <span class='ocr_line' id='line_1_5' title="bbox 60 605 1139 690; baseline 0.001 -18"><span class='ocrx_word' id='word_1_30' title='bbox 60 623 93 674; x_wconf 75' lang='lat'><strong>16</strong></span> <span class='ocrx_word' id='word_1_31' title='bbox 113 607 285 690; x_wconf 77' lang='lat' dir='ltr'><strong>aspicimus</strong></span> <span class='ocrx_word' id='word_1_32' title='bbox 309 611 341 672; x_wconf 93' lang='lat' dir='ltr'><strong>et</strong></span> <span class='ocrx_word' id='word_1_33' title='bbox 364 627 490 689; x_wconf 84' lang='lat' dir='ltr'><strong>semper</strong></span> <span class='ocrx_word' id='word_1_34' title='bbox 511 605 629 670; x_wconf 89' lang='lat' dir='ltr'><strong>iudicio</strong></span> <span class='ocrx_word' id='word_1_35' title='bbox 653 606 745 671; x_wconf 84' lang='lat' dir='ltr'><strong>favor</strong></span> <span class='ocrx_word' id='word_1_36' title='bbox 766 606 876 671; x_wconf 89' lang='lat' dir='ltr'><strong>officit.</strong></span> <span class='ocrx_word' id='word_1_37' title='bbox 913 609 993 690; x_wconf 92' lang='lat' dir='ltr'><strong>puto</strong></span> <span class='ocrx_word' id='word_1_38' title='bbox 1013 607 1139 673; x_wconf 90' lang='lat' dir='ltr'><strong>multos</strong></span> 
     </span>
     <span class='ocr_line' id='line_1_6' title="bbox 111 695 1180 781; baseline -0.001 -21"><span class='ocrx_word' id='word_1_39' title='bbox 111 696 255 778; x_wconf 89' lang='lat' dir='ltr'><strong>potuisse</strong></span> <span class='ocrx_word' id='word_1_40' title='bbox 279 696 319 760; x_wconf 94' lang='lat' dir='ltr'><strong>ad</strong></span> <span class='ocrx_word' id='word_1_41' title='bbox 338 695 528 779; x_wconf 91' lang='lat' dir='ltr'><strong>sapientiam</strong></span> <span class='ocrx_word' id='word_1_42' title='bbox 547 695 725 778; x_wconf 86' lang='lat' dir='ltr'><strong>pervenire,</strong></span> <span class='ocrx_word' id='word_1_43' title='bbox 748 695 811 761; x_wconf 90' lang='lat' dir='ltr'><strong>nisi</strong></span> <span class='ocrx_word' id='word_1_44' title='bbox 824 697 993 780; x_wconf 89' lang='lat' dir='ltr'><strong>putassent</strong></span> <span class='ocrx_word' id='word_1_45' title='bbox 1011 716 1046 760; x_wconf 93' lang='lat' dir='ltr'><strong>se</strong></span> <span class='ocrx_word' id='word_1_46' title='bbox 1065 719 1139 781; x_wconf 85' lang='lat' dir='ltr'><strong>per·</strong></span> <span class='ocrx_word' id='word_1_47' title='bbox 1169 719 1180 759; x_wconf 76' lang='lat' dir='ltr'><strong>a</strong></span> 
     </span>
     <span class='ocr_line' id='line_1_7' title="bbox 112 784 1139 869; baseline 0.004 -21"><span class='ocrx_word' id='word_1_48' title='bbox 112 784 250 868; x_wconf 84' lang='lat' dir='ltr'><strong>venisse,</strong></span> <span class='ocrx_word' id='word_1_49' title='bbox 280 785 345 850; x_wconf 91' lang='lat' dir='ltr'><strong>nisi</strong></span> <span class='ocrx_word' id='word_1_50' title='bbox 375 784 531 869; x_wconf 88' lang='lat' dir='ltr'><strong>quaedam</strong></span> <span class='ocrx_word' id='word_1_51' title='bbox 558 785 593 848; x_wconf 91' lang='lat' dir='ltr'><strong>in</strong></span> <span class='ocrx_word' id='word_1_52' title='bbox 620 806 653 849; x_wconf 93' lang='lat' dir='ltr'><strong>se</strong></span> <span class='ocrx_word' id='word_1_53' title='bbox 676 784 946 869; x_wconf 88' lang='lat' dir='ltr'><strong>dissimulassent,</strong></span> <span class='ocrx_word' id='word_1_54' title='bbox 975 785 1139 868; x_wconf 89' lang='lat' dir='ltr'><strong>quaedam</strong></span> 
     </span>
     <span class='ocr_line' id='line_1_8' title="bbox 112 873 1138 961; baseline 0.001 -23"><span class='ocrx_word' id='word_1_55' title='bbox 112 874 232 957; x_wconf 88' lang='lat' dir='ltr'><strong>opertis</strong></span> <span class='ocrx_word' id='word_1_56' title='bbox 252 875 354 940; x_wconf 92' lang='lat' dir='ltr'><strong>oeulis</strong></span> <span class='ocrx_word' id='word_1_57' title='bbox 373 873 619 938; x_wconf 88' lang='lat' dir='ltr'><strong>transiluissent.</strong></span> <span class='ocrx_word' id='word_1_58' title='bbox 655 895 722 938; x_wconf 90' lang='lat' dir='ltr'><strong>non</strong></span> <span class='ocrx_word' id='word_1_59' title='bbox 741 878 790 939; x_wconf 90' lang='lat' dir='ltr'><strong>est</strong></span> <span class='ocrx_word' id='word_1_60' title='bbox 808 873 907 958; x_wconf 92' lang='lat' dir='ltr'><strong>enim,</strong></span> <span class='ocrx_word' id='word_1_61' title='bbox 927 874 1014 956; x_wconf 90' lang='lat' dir='ltr'><strong>quod</strong></span> <span class='ocrx_word' id='word_1_62' title='bbox 1029 876 1138 961; x_wconf 84' lang='lat' dir='ltr'><strong>magis</strong></span> 
     </span>
     <span class='ocr_line' id='line_1_9' title="bbox 111 961 1137 1048; baseline 0 -20"><span class='ocrx_word' id='word_1_63' title='bbox 111 964 215 1029; x_wconf 88' lang='lat' dir='ltr'><strong>aliena</strong></span> <span class='ocrx_word' id='word_1_64' title='bbox 244 964 365 1028; x_wconf 91' lang='lat' dir='ltr'><strong>iudices</strong></span> <span class='ocrx_word' id='word_1_65' title='bbox 396 962 580 1027; x_wconf 73' lang='lat' dir='ltr'><strong>adulatione</strong></span> <span class='ocrx_word' id='word_1_66' title='bbox 610 961 724 1046; x_wconf 84' lang='lat' dir='ltr'><strong>&lt;nos&gt;</strong></span> <span class='ocrx_word' id='word_1_67' title='bbox 753 963 859 1048; x_wconf 90' lang='lat' dir='ltr'><strong>perire</strong></span> <span class='ocrx_word' id='word_1_68' title='bbox 887 983 984 1046; x_wconf 89' lang='lat' dir='ltr'><strong>quam</strong></span> <span class='ocrx_word' id='word_1_69' title='bbox 1011 968 1137 1030; x_wconf 86' lang='lat' dir='ltr'><strong>nostra.</strong></span> 
     </span>
     <span class='ocr_line' id='line_1_10' title="bbox 111 1051 1139 1136; baseline 0.001 -19"><span class='ocrx_word' id='word_1_70' title='bbox 111 1053 182 1135; x_wconf 92' lang='lat' dir='ltr'><strong>quis</strong></span> <span class='ocrx_word' id='word_1_71' title='bbox 206 1053 269 1117; x_wconf 91' lang='lat' dir='ltr'><strong>sibi</strong></span> <span class='ocrx_word' id='word_1_72' title='bbox 291 1074 403 1117; x_wconf 87' lang='lat' dir='ltr'><strong>verum</strong></span> <span class='ocrx_word' id='word_1_73' title='bbox 427 1051 532 1116; x_wconf 89' lang='lat' dir='ltr'><strong>dicere</strong></span> <span class='ocrx_word' id='word_1_74' title='bbox 556 1073 652 1116; x_wconf 91' lang='lat' dir='ltr'><strong>ausus</strong></span> <span class='ocrx_word' id='word_1_75' title='bbox 676 1051 747 1117; x_wconf 83' lang='lat' dir='ltr'><strong>est?</strong></span> <span class='ocrx_word' id='word_1_76' title='bbox 783 1052 945 1136; x_wconf 81' lang='lat' dir='ltr'><strong>quianon</strong></span> <span class='ocrx_word' id='word_1_77' title='bbox 963 1052 1049 1117; x_wconf 90' lang='lat' dir='ltr'><strong>inter</strong></span> <span class='ocrx_word' id='word_1_78' title='bbox 1067 1053 1139 1119; x_wconf 91' lang='lat' dir='ltr'><strong>lau-</strong></span> 
     </span>
     <span class='ocr_line' id='line_1_11' title="bbox 110 1140 1179 1228; baseline 0 -24"><span class='ocrx_word' id='word_1_79' title='bbox 110 1141 255 1206; x_wconf 87' lang='lat' dir='ltr'><strong>dantium</strong></span> <span class='ocrx_word' id='word_1_80' title='bbox 268 1140 565 1224; x_wconf 86' lang='lat' dir='ltr'><strong>blandientiumque</strong></span> <span class='ocrx_word' id='word_1_81' title='bbox 577 1141 702 1224; x_wconf 90' lang='lat' dir='ltr'><strong>positus</strong></span> <span class='ocrx_word' id='word_1_82' title='bbox 712 1162 826 1228; x_wconf 80' lang='lat' dir='ltr'><strong>greges</strong></span> <span class='ocrx_word' id='word_1_83' title='bbox 836 1142 1014 1225; x_wconf 89' lang='lat' dir='ltr'><strong>plurimum</strong></span> <span class='ocrx_word' id='word_1_84' title='bbox 1023 1146 1138 1209; x_wconf 88' lang='lat' dir='ltr'><strong>tamen</strong></span> <span class='ocrx_word' id='word_1_85' title='bbox 1156 1165 1179 1205; x_wconf 85' lang='lat' dir='ltr'><strong>ro</strong></span> 
     </span>
    </p>

    <p class='ocr_par' dir='ltr' id='par_1_4' title="bbox 57 1229 1178 1938">
     <span class='ocr_line' id='line_1_12' title="bbox 57 1229 1137 1316; baseline 0.003 -20"><span class='ocrx_word' id='word_1_86' title='bbox 57 1231 173 1296; x_wconf 77' lang='lat' dir='ltr'><strong>1‘1sibi</strong></span> <span class='ocrx_word' id='word_1_87' title='bbox 200 1230 270 1314; x_wconf 89' lang='lat' dir='ltr'><strong>ipse</strong></span> <span class='ocrx_word' id='word_1_88' title='bbox 293 1231 478 1295; x_wconf 86' lang='lat' dir='ltr'><strong>adsentatus</strong></span> <span class='ocrx_word' id='word_1_89' title='bbox 502 1229 572 1293; x_wconf 81' lang='lat' dir='ltr'><strong>est?</strong></span> <span class='ocrx_word' id='word_1_90' title='bbox 616 1251 697 1316; x_wconf 85' lang='lat' dir='ltr'><strong>rogo</strong></span> <span class='ocrx_word' id='word_1_91' title='bbox 720 1231 843 1314; x_wconf 90' lang='lat' dir='ltr'><strong>itaque,</strong></span> <span class='ocrx_word' id='word_1_92' title='bbox 871 1230 898 1295; x_wconf 91' lang='lat' dir='ltr'><strong>si</strong></span> <span class='ocrx_word' id='word_1_93' title='bbox 922 1230 1010 1313; x_wconf 93' lang='lat' dir='ltr'><strong>quod</strong></span> <span class='ocrx_word' id='word_1_94' title='bbox 1032 1231 1137 1299; x_wconf 86' lang='lat' dir='ltr'><strong>habes</strong></span> 
     </span>
     <span class='ocr_line' id='line_1_13' title="bbox 109 1317 1138 1406; baseline 0.002 -22"><span class='ocrx_word' id='word_1_95' title='bbox 109 1319 297 1402; x_wconf 87' lang='lat' dir='ltr'><strong>remedium,</strong></span> <span class='ocrx_word' id='word_1_96' title='bbox 318 1341 381 1402; x_wconf 92' lang='lat' dir='ltr'><strong>qno</strong></span> <span class='ocrx_word' id='word_1_97' title='bbox 396 1318 480 1384; x_wconf 89' lang='lat' dir='ltr'><strong>hanc</strong></span> <span class='ocrx_word' id='word_1_98' title='bbox 494 1317 737 1384; x_wconf 89' lang='lat' dir='ltr'><strong>fluctuationem</strong></span> <span class='ocrx_word' id='word_1_99' title='bbox 751 1341 854 1384; x_wconf 88' lang='lat' dir='ltr'><strong>meam</strong></span> <span class='ocrx_word' id='word_1_100' title='bbox 869 1319 977 1402; x_wconf 83' lang='lat' dir='ltr'><strong>sistas,</strong></span> <span class='ocrx_word' id='word_1_101' title='bbox 996 1319 1138 1406; x_wconf 82' lang='lat' dir='ltr'><strong>dignum</strong></span> 
     </span>
     <span class='ocr_line' id='line_1_14' title="bbox 109 1407 1138 1491; baseline 0.005 -20"><span class='ocrx_word' id='word_1_102' title='bbox 109 1431 160 1472; x_wconf 92' lang='lat' dir='ltr'><strong>me</strong></span> <span class='ocrx_word' id='word_1_103' title='bbox 190 1412 284 1491; x_wconf 87' lang='lat' dir='ltr'><strong>putes</strong></span> <span class='ocrx_word' id='word_1_104' title='bbox 317 1408 373 1490; x_wconf 89' lang='lat' dir='ltr'><strong>qni</strong></span> <span class='ocrx_word' id='word_1_105' title='bbox 399 1407 460 1471; x_wconf 90' lang='lat' dir='ltr'><strong>tibi</strong></span> <span class='ocrx_word' id='word_1_106' title='bbox 486 1408 753 1490; x_wconf 61' lang='lat' dir='ltr'><strong>tranquillitam</strong></span> <span class='ocrx_word' id='word_1_107' title='bbox 781 1409 922 1473; x_wconf 92' lang='lat' dir='ltr'><strong>debeam.</strong></span> <span class='ocrx_word' id='word_1_108' title='bbox 967 1431 1037 1474; x_wconf 90' lang='lat' dir='ltr'><strong>non</strong></span> <span class='ocrx_word' id='word_1_109' title='bbox 1064 1432 1138 1477; x_wconf 88' lang='lat' dir='ltr'><strong>esse</strong></span> 
     </span>
     <span class='ocr_line' id='line_1_15' title="bbox 109 1495 1138 1581; baseline 0.003 -20"><span class='ocrx_word' id='word_1_110' title='bbox 109 1495 307 1580; x_wconf 89' lang='lat' dir='ltr'><strong>periculosos</strong></span> <span class='ocrx_word' id='word_1_111' title='bbox 330 1497 385 1560; x_wconf 83' lang='lat' dir='ltr'><strong>hos</strong></span> <span class='ocrx_word' id='word_1_112' title='bbox 407 1499 515 1561; x_wconf 89' lang='lat' dir='ltr'><strong>motus</strong></span> <span class='ocrx_word' id='word_1_113' title='bbox 538 1497 638 1560; x_wconf 88' lang='lat' dir='ltr'><strong>animi</strong></span> <span class='ocrx_word' id='word_1_114' title='bbox 660 1519 720 1562; x_wconf 94' lang='lat' dir='ltr'><strong>nec</strong></span> <span class='ocrx_word' id='word_1_115' title='bbox 743 1497 915 1581; x_wconf 88' lang='lat' dir='ltr'><strong>quicquam</strong></span> <span class='ocrx_word' id='word_1_116' title='bbox 938 1499 1138 1565; x_wconf 88' lang='lat' dir='ltr'><strong>tumultuosi</strong></span> 
     </span>
     <span class='ocr_line' id='line_1_16' title="bbox 108 1583 1178 1673; baseline 0.001 -24"><span class='ocrx_word' id='word_1_117' title='bbox 108 1583 280 1650; x_wconf 86' lang='lat' dir='ltr'><strong>adferentis</strong></span> <span class='ocrx_word' id='word_1_118' title='bbox 311 1585 391 1669; x_wconf 88' lang='lat' dir='ltr'><strong>scio;</strong></span> <span class='ocrx_word' id='word_1_119' title='bbox 422 1588 460 1649; x_wconf 90' lang='lat' dir='ltr'><strong>ut</strong></span> <span class='ocrx_word' id='word_1_120' title='bbox 489 1607 565 1650; x_wconf 83' lang='lat' dir='ltr'><strong>vera</strong></span> <span class='ocrx_word' id='word_1_121' title='bbox 596 1585 656 1650; x_wconf 90' lang='lat' dir='ltr'><strong>tibi</strong></span> <span class='ocrx_word' id='word_1_122' title='bbox 684 1587 894 1651; x_wconf 86' lang='lat' dir='ltr'><strong>similitudine</strong></span> <span class='ocrx_word' id='word_1_123' title='bbox 921 1585 969 1671; x_wconf 92' lang='lat' dir='ltr'><strong>id,</strong></span> <span class='ocrx_word' id='word_1_124' title='bbox 998 1586 1039 1652; x_wconf 92' lang='lat' dir='ltr'><strong>de</strong></span> <span class='ocrx_word' id='word_1_125' title='bbox 1068 1611 1137 1673; x_wconf 91' lang='lat' dir='ltr'><strong>quo</strong></span> <span class='ocrx_word' id='word_1_126' title='bbox 1156 1609 1178 1650; x_wconf 78' lang='lat' dir='ltr'><strong>s</strong></span> 
     </span>
     <span class='ocr_line' id='line_1_17' title="bbox 108 1674 1137 1759; baseline 0.004 -21"><span class='ocrx_word' id='word_1_127' title='bbox 108 1695 238 1757; x_wconf 90' lang='lat' dir='ltr'><strong>queror,</strong></span> <span class='ocrx_word' id='word_1_128' title='bbox 265 1674 458 1759; x_wconf 85' lang='lat' dir='ltr'><strong>exprimam,</strong></span> <span class='ocrx_word' id='word_1_129' title='bbox 485 1697 552 1739; x_wconf 93' lang='lat' dir='ltr'><strong>non</strong></span> <span class='ocrx_word' id='word_1_130' title='bbox 579 1678 770 1759; x_wconf 89' lang='lat' dir='ltr'><strong>tempestate</strong></span> <span class='ocrx_word' id='word_1_131' title='bbox 792 1698 892 1740; x_wconf 85' lang='lat' dir='ltr'><strong>vexor</strong></span> <span class='ocrx_word' id='word_1_132' title='bbox 919 1675 975 1740; x_wconf 90' lang='lat' dir='ltr'><strong>sed</strong></span> <span class='ocrx_word' id='word_1_133' title='bbox 997 1699 1137 1744; x_wconf 88' lang='lat' dir='ltr'><strong>nausea:</strong></span> 
     </span>
     <span class='ocr_line' id='line_1_18' title="bbox 108 1763 1137 1851; baseline 0.006 -24"><span class='ocrx_word' id='word_1_134' title='bbox 108 1763 239 1828; x_wconf 90' lang='lat' dir='ltr'><strong>detrahe</strong></span> <span class='ocrx_word' id='word_1_135' title='bbox 262 1786 339 1851; x_wconf 85' lang='lat' dir='ltr'><strong>ergo</strong></span> <span class='ocrx_word' id='word_1_136' title='bbox 363 1764 517 1848; x_wconf 89' lang='lat' dir='ltr'><strong>quicquid</strong></span> <span class='ocrx_word' id='word_1_137' title='bbox 539 1764 603 1829; x_wconf 90' lang='lat' dir='ltr'><strong>hoe</strong></span> <span class='ocrx_word' id='word_1_138' title='bbox 622 1769 671 1830; x_wconf 89' lang='lat' dir='ltr'><strong>est</strong></span> <span class='ocrx_word' id='word_1_139' title='bbox 689 1766 766 1828; x_wconf 90' lang='lat' dir='ltr'><strong>mali</strong></span> <span class='ocrx_word' id='word_1_140' title='bbox 786 1768 817 1829; x_wconf 89' lang='lat' dir='ltr'><strong>et</strong></span> <span class='ocrx_word' id='word_1_141' title='bbox 836 1786 984 1831; x_wconf 87' lang='lat' dir='ltr'><strong>succurre</strong></span> <span class='ocrx_word' id='word_1_142' title='bbox 1003 1766 1040 1830; x_wconf 92' lang='lat' dir='ltr'><strong>in</strong></span> <span class='ocrx_word' id='word_1_143' title='bbox 1057 1787 1137 1833; x_wconf 88' lang='lat' dir='ltr'><strong>eon·</strong></span> 
     </span>
     <span class='ocr_line' id='line_1_19' title="bbox 109 1853 593 1938; baseline 0 -20"><span class='ocrx_word' id='word_1_144' title='bbox 109 1857 221 1938; x_wconf 88' lang='lat' dir='ltr'><strong>speetu</strong></span> <span class='ocrx_word' id='word_1_145' title='bbox 245 1857 402 1919; x_wconf 88' lang='lat' dir='ltr'><strong>terrarum</strong></span> <span class='ocrx_word' id='word_1_146' title='bbox 424 1853 593 1918; x_wconf 90' lang='lat' dir='ltr'><strong>laboranti.</strong></span> 
     </span>
    </p>

    <p class='ocr_par' dir='ltr' id='par_1_5' title="bbox 74 1941 1177 2833">
     <span class='ocr_line' id='line_1_20' title="bbox 74 1941 1138 2030; baseline 0.003 -25"><span class='ocrx_word' id='word_1_147' title='bbox 74 1959 88 2005; x_wconf 95' lang='lat'>1</span> <span class='ocrx_word' id='word_1_148' title='bbox 200 1941 240 2007; x_wconf 92' lang='grc' dir='ltr'><strong>ΙΙ.</strong></span> <span class='ocrx_word' id='word_1_149' title='bbox 277 1941 439 2030; x_wconf 62' lang='lat' dir='ltr'><strong>(Sarrum)</strong></span> <span class='ocrx_word' id='word_1_150' title='bbox 488 1941 613 2020; x_wconf 86' lang='lat' dir='ltr'><strong>Quaero</strong></span> <span class='ocrx_word' id='word_1_151' title='bbox 643 1965 694 2007; x_wconf 90' lang='lat' dir='ltr'><strong>me</strong></span> <span class='ocrx_word' id='word_1_152' title='bbox 728 1943 875 2008; x_wconf 87' lang='lat' dir='ltr'><strong>hercules</strong></span> <span class='ocrx_word' id='word_1_153' title='bbox 905 1942 969 2007; x_wconf 89' lang='lat' dir='ltr'><strong>iam</strong></span> <span class='ocrx_word' id='word_1_154' title='bbox 999 1943 1138 2030; x_wconf 84' lang='lat' dir='ltr'><strong>dudum,</strong></span> 
     </span>
     <span class='ocr_line' id='line_1_21' title="bbox 110 2029 1177 2117; baseline -0.002 -21"><span class='ocrx_word' id='word_1_155' title='bbox 110 2029 242 2115; x_wconf 84' lang='lat' dir='ltr'><strong>Serene,</strong></span> <span class='ocrx_word' id='word_1_156' title='bbox 263 2033 332 2116; x_wconf 91' lang='lat' dir='ltr'><strong>ipse</strong></span> <span class='ocrx_word' id='word_1_157' title='bbox 351 2033 483 2117; x_wconf 88' lang='lat' dir='ltr'><strong>tacitus,</strong></span> <span class='ocrx_word' id='word_1_158' title='bbox 506 2033 558 2096; x_wconf 90' lang='lat' dir='ltr'><strong>eui</strong></span> <span class='ocrx_word' id='word_1_159' title='bbox 576 2033 674 2096; x_wconf 89' lang='lat' dir='ltr'><strong>talem</strong></span> <span class='ocrx_word' id='word_1_160' title='bbox 694 2031 855 2097; x_wconf 90' lang='lat' dir='ltr'><strong>adfectum</strong></span> <span class='ocrx_word' id='word_1_161' title='bbox 873 2031 973 2096; x_wconf 90' lang='lat' dir='ltr'><strong>animi</strong></span> <span class='ocrx_word' id='word_1_162' title='bbox 991 2033 1137 2101; x_wconf 90' lang='lat' dir='ltr'><strong>similem</strong></span> <span class='ocrx_word' id='word_1_163' title='bbox 1154 2055 1177 2094; x_wconf 77' lang='lat' dir='ltr'><strong>so</strong></span> 
     </span>
     <span class='ocr_line' id='line_1_22' title="bbox 106 2120 1137 2206; baseline 0.004 -21"><span class='ocrx_word' id='word_1_164' title='bbox 106 2125 233 2205; x_wconf 91' lang='lat' dir='ltr'><strong>putem,</strong></span> <span class='ocrx_word' id='word_1_165' title='bbox 266 2143 327 2186; x_wconf 92' lang='lat' dir='ltr'><strong>nec</strong></span> <span class='ocrx_word' id='word_1_166' title='bbox 358 2122 417 2186; x_wconf 92' lang='lat' dir='ltr'><strong>ulli</strong></span> <span class='ocrx_word' id='word_1_167' title='bbox 449 2122 582 2206; x_wconf 91' lang='lat' dir='ltr'><strong>propius</strong></span> <span class='ocrx_word' id='word_1_168' title='bbox 617 2120 813 2185; x_wconf 87' lang='lat' dir='ltr'><strong>admoverim</strong></span> <span class='ocrx_word' id='word_1_169' title='bbox 850 2122 996 2205; x_wconf 87' lang='lat' dir='ltr'><strong>exemplo</strong></span> <span class='ocrx_word' id='word_1_170' title='bbox 1034 2143 1137 2206; x_wconf 90' lang='lat' dir='ltr'><strong>quam</strong></span> 
     </span>
     <span class='ocr_line' id='line_1_23' title="bbox 109 2210 1137 2296; baseline 0.006 -22"><span class='ocrx_word' id='word_1_171' title='bbox 109 2231 236 2292; x_wconf 91' lang='lat' dir='ltr'><strong>eorum,</strong></span> <span class='ocrx_word' id='word_1_172' title='bbox 259 2211 315 2294; x_wconf 90' lang='lat' dir='ltr'><strong>qui</strong></span> <span class='ocrx_word' id='word_1_173' title='bbox 338 2233 378 2274; x_wconf 85' lang='lat' dir='ltr'><strong>ex</strong></span> <span class='ocrx_word' id='word_1_174' title='bbox 399 2211 499 2296; x_wconf 86' lang='lat' dir='ltr'><strong>longa</strong></span> <span class='ocrx_word' id='word_1_175' title='bbox 521 2213 554 2274; x_wconf 90' lang='lat' dir='ltr'><strong>et</strong></span> <span class='ocrx_word' id='word_1_176' title='bbox 576 2210 667 2295; x_wconf 81' lang='lat' dir='ltr'><strong>gravi</strong></span> <span class='ocrx_word' id='word_1_177' title='bbox 689 2210 872 2274; x_wconf 83' lang='lat' dir='ltr'><strong>valetudine</strong></span> <span class='ocrx_word' id='word_1_178' title='bbox 895 2210 1041 2293; x_wconf 80' lang='lat' dir='ltr'><strong>expliciti</strong></span> <span class='ocrx_word' id='word_1_179' title='bbox 1065 2236 1137 2280; x_wconf 92' lang='lat' dir='ltr'><strong>mo·</strong></span> 
     </span>
     <span class='ocr_line' id='line_1_24' title="bbox 107 2297 1137 2387; baseline 0.006 -26"><span class='ocrx_word' id='word_1_180' title='bbox 107 2297 261 2363; x_wconf 88' lang='lat' dir='ltr'><strong>tinneulis</strong></span> <span class='ocrx_word' id='word_1_181' title='bbox 283 2299 474 2382; x_wconf 86' lang='lat' dir='ltr'><strong>levibusque</strong></span> <span class='ocrx_word' id='word_1_182' title='bbox 497 2298 626 2362; x_wconf 90' lang='lat' dir='ltr'><strong>interim</strong></span> <span class='ocrx_word' id='word_1_183' title='bbox 650 2299 780 2364; x_wconf 86' lang='lat' dir='ltr'><strong>offensis</strong></span> <span class='ocrx_word' id='word_1_184' title='bbox 804 2299 1070 2385; x_wconf 79' lang='lat' dir='ltr'><strong>perstringuntur</strong></span> <span class='ocrx_word' id='word_1_185' title='bbox 1094 2307 1137 2387; x_wconf 91' lang='lat' dir='ltr'><strong>et,</strong></span> 
     </span>
     <span class='ocr_line' id='line_1_25' title="bbox 106 2387 1136 2474; baseline 0.008 -24"><span class='ocrx_word' id='word_1_186' title='bbox 106 2407 180 2451; x_wconf 92' lang='lat' dir='ltr'><strong>cum</strong></span> <span class='ocrx_word' id='word_1_187' title='bbox 208 2387 360 2470; x_wconf 88' lang='lat' dir='ltr'><strong>reliquias</strong></span> <span class='ocrx_word' id='word_1_188' title='bbox 388 2389 585 2473; x_wconf 85' lang='lat' dir='ltr'><strong>effugerunt,</strong></span> <span class='ocrx_word' id='word_1_189' title='bbox 615 2387 852 2471; x_wconf 89' lang='lat' dir='ltr'><strong>suspicionibus</strong></span> <span class='ocrx_word' id='word_1_190' title='bbox 875 2392 983 2453; x_wconf 92' lang='lat' dir='ltr'><strong>tamen</strong></span> <span class='ocrx_word' id='word_1_191' title='bbox 1006 2389 1136 2474; x_wconf 71' lang='lat' dir='ltr'><strong>inquio</strong></span> 
     </span>
     <span class='ocr_line' id='line_1_26' title="bbox 105 2476 1174 2563; baseline -0.001 -24"><span class='ocrx_word' id='word_1_192' title='bbox 105 2478 217 2541; x_wconf 89' lang='lat' dir='ltr'><strong>tantur</strong></span> <span class='ocrx_word' id='word_1_193' title='bbox 234 2476 430 2559; x_wconf 90' lang='lat' dir='ltr'><strong>medicisque</strong></span> <span class='ocrx_word' id='word_1_194' title='bbox 448 2478 513 2540; x_wconf 90' lang='lat' dir='ltr'><strong>iam</strong></span> <span class='ocrx_word' id='word_1_195' title='bbox 532 2476 602 2541; x_wconf 88' lang='lat' dir='ltr'><strong>sani</strong></span> <span class='ocrx_word' id='word_1_196' title='bbox 620 2499 751 2540; x_wconf 91' lang='lat' dir='ltr'><strong>manum</strong></span> <span class='ocrx_word' id='word_1_197' title='bbox 768 2479 940 2563; x_wconf 87' lang='lat' dir='ltr'><strong>porrigunt</strong></span> <span class='ocrx_word' id='word_1_198' title='bbox 953 2481 986 2542; x_wconf 89' lang='lat' dir='ltr'><strong>et</strong></span> <span class='ocrx_word' id='word_1_199' title='bbox 999 2500 1135 2546; x_wconf 90' lang='lat' dir='ltr'><strong>omnem</strong></span> <span class='ocrx_word' id='word_1_200' title='bbox 1152 2498 1174 2539; x_wconf 82' lang='lat' dir='ltr'><strong>a</strong></span> 
     </span>
     <span class='ocr_line' id='line_1_27' title="bbox 106 2564 1136 2655; baseline 0.006 -26"><span class='ocrx_word' id='word_1_201' title='bbox 106 2566 245 2630; x_wconf 89' lang='lat' dir='ltr'><strong>calorem</strong></span> <span class='ocrx_word' id='word_1_202' title='bbox 280 2566 424 2650; x_wconf 87' lang='lat' dir='ltr'><strong>eorporis</strong></span> <span class='ocrx_word' id='word_1_203' title='bbox 457 2565 508 2631; x_wconf 89' lang='lat' dir='ltr'><strong>sui</strong></span> <span class='ocrx_word' id='word_1_204' title='bbox 541 2566 785 2630; x_wconf 89' lang='lat' dir='ltr'><strong>calumniantur.</strong></span> <span class='ocrx_word' id='word_1_205' title='bbox 837 2567 968 2650; x_wconf 91' lang='lat' dir='ltr'><strong>horum,</strong></span> <span class='ocrx_word' id='word_1_206' title='bbox 1002 2564 1136 2655; x_wconf 87' lang='lat' dir='ltr'><strong>Serene,</strong></span> 
     </span>
     <span class='ocr_line' id='line_1_28' title="bbox 105 2655 1135 2740; baseline 0.006 -22"><span class='ocrx_word' id='word_1_207' title='bbox 105 2676 172 2718; x_wconf 92' lang='lat' dir='ltr'><strong>non</strong></span> <span class='ocrx_word' id='word_1_208' title='bbox 199 2677 312 2738; x_wconf 89' lang='lat' dir='ltr'><strong>parum</strong></span> <span class='ocrx_word' id='word_1_209' title='bbox 336 2677 449 2721; x_wconf 90' lang='lat' dir='ltr'><strong>sanum</strong></span> <span class='ocrx_word' id='word_1_210' title='bbox 473 2657 522 2719; x_wconf 89' lang='lat' dir='ltr'><strong>est</strong></span> <span class='ocrx_word' id='word_1_211' title='bbox 545 2676 677 2739; x_wconf 88' lang='lat' dir='ltr'><strong>corpus,</strong></span> <span class='ocrx_word' id='word_1_212' title='bbox 704 2655 760 2719; x_wconf 92' lang='lat' dir='ltr'><strong>sed</strong></span> <span class='ocrx_word' id='word_1_213' title='bbox 784 2656 914 2721; x_wconf 88' lang='lat' dir='ltr'><strong>sanitati</strong></span> <span class='ocrx_word' id='word_1_214' title='bbox 936 2678 1053 2740; x_wconf 89' lang='lat' dir='ltr'><strong>parum</strong></span> <span class='ocrx_word' id='word_1_215' title='bbox 1079 2659 1135 2724; x_wconf 88' lang='lat' dir='ltr'><strong>ad·</strong></span> 
     </span>
     <span class='ocr_line' id='line_1_29' title="bbox 106 2743 1135 2833; baseline 0.007 -27"><span class='ocrx_word' id='word_1_216' title='bbox 106 2743 224 2807; x_wconf 77' lang='lat' dir='ltr'><strong>suevit:</strong></span> <span class='ocrx_word' id='word_1_217' title='bbox 248 2743 331 2809; x_wconf 88' lang='lat' dir='ltr'><strong>sicut</strong></span> <span class='ocrx_word' id='word_1_218' title='bbox 354 2749 403 2811; x_wconf 93' lang='lat' dir='ltr'><strong>est</strong></span> <span class='ocrx_word' id='word_1_219' title='bbox 427 2743 557 2828; x_wconf 90' lang='lat' dir='ltr'><strong>quidam</strong></span> <span class='ocrx_word' id='word_1_220' title='bbox 580 2748 701 2809; x_wconf 90' lang='lat' dir='ltr'><strong>tremor</strong></span> <span class='ocrx_word' id='word_1_221' title='bbox 719 2744 816 2810; x_wconf 90' lang='lat' dir='ltr'><strong>etiam</strong></span> <span class='ocrx_word' id='word_1_222' title='bbox 835 2744 1002 2828; x_wconf 88' lang='lat' dir='ltr'><strong>tranquilli</strong></span> <span class='ocrx_word' id='word_1_223' title='bbox 1022 2748 1135 2833; x_wconf 84' lang='lat' dir='ltr'><strong>maris,</strong></span> 
     </span>
    </p>

    <p class='ocr_par' dir='ltr' id='par_1_6' title="bbox 70 2833 1174 3009">
     <span class='ocr_line' id='line_1_30' title="bbox 70 2833 1134 2921; baseline 0.008 -26"><span class='ocrx_word' id='word_1_224' title='bbox 70 2833 218 2916; x_wconf 68' lang='lat' dir='ltr'><strong>‘tutique</strong></span> <span class='ocrx_word' id='word_1_225' title='bbox 248 2856 322 2898; x_wconf 91' lang='lat' dir='ltr'><strong>cum</strong></span> <span class='ocrx_word' id='word_1_226' title='bbox 353 2856 393 2899; x_wconf 86' lang='lat' dir='ltr'><strong>ex</strong></span> <span class='ocrx_word' id='word_1_227' title='bbox 415 2836 606 2916; x_wconf 88' lang='lat' dir='ltr'><strong>tempestate</strong></span> <span class='ocrx_word' id='word_1_228' title='bbox 628 2833 795 2916; x_wconf 87' lang='lat' dir='ltr'><strong>requievit.</strong></span> <span class='ocrx_word' id='word_1_229' title='bbox 841 2855 922 2918; x_wconf 91' lang='lat' dir='ltr'><strong>opus</strong></span> <span class='ocrx_word' id='word_1_230' title='bbox 946 2837 995 2900; x_wconf 89' lang='lat' dir='ltr'><strong>est</strong></span> <span class='ocrx_word' id='word_1_231' title='bbox 1018 2834 1134 2921; x_wconf 89' lang='lat' dir='ltr'><strong>itaque</strong></span> 
     </span>
     <span class='ocr_line' id='line_1_31' title="bbox 105 2922 1174 3009; baseline 0.001 -24"><span class='ocrx_word' id='word_1_232' title='bbox 105 2943 172 2986; x_wconf 92' lang='lat' dir='ltr'><strong>non</strong></span> <span class='ocrx_word' id='word_1_233' title='bbox 202 2922 267 2988; x_wconf 84' lang='lat' dir='ltr'><strong>illis</strong></span> <span class='ocrx_word' id='word_1_234' title='bbox 305 2923 502 3006; x_wconf 88' lang='lat' dir='ltr'><strong>durioribus,</strong></span> <span class='ocrx_word' id='word_1_235' title='bbox 539 2945 619 3006; x_wconf 90' lang='lat' dir='ltr'><strong>quae</strong></span> <span class='ocrx_word' id='word_1_236' title='bbox 654 2923 719 2987; x_wconf 90' lang='lat' dir='ltr'><strong>iam</strong></span> <span class='ocrx_word' id='word_1_237' title='bbox 750 2923 1055 3009; x_wconf 86' lang='lat' dir='ltr'><strong>transcucurrimus,</strong></span> <span class='ocrx_word' id='word_1_238' title='bbox 1095 2930 1135 2992; x_wconf 91' lang='lat' dir='ltr'><strong>ut</strong></span> <span class='ocrx_word' id='word_1_239' title='bbox 1151 2945 1174 2986; x_wconf 76' lang='lat' dir='ltr'><strong>so</strong></span> 
     </span>
    </p>
   </div>
   <div class='ocr_carea' id='block_1_3' title="bbox 74 3078 1136 3664">
    <p class='ocr_par' dir='ltr' id='par_1_7' title="bbox 74 3078 1136 3664">
     <span class='ocr_line' id='line_1_32' title="bbox 196 3078 1136 3158; baseline 0.002 -24"><span class='ocrx_word' id='word_1_240' title='bbox 196 3080 213 3134; x_wconf 92' lang='lat'>1</span> <span class='ocrx_word' id='word_1_241' title='bbox 235 3097 333 3136; x_wconf 85' lang='lat' dir='ltr'><strong>vereor</strong></span> <span class='ocrx_word' id='word_1_242' title='bbox 356 3084 406 3135; x_wconf 91' lang='lat' dir='ltr'><strong>aut</strong></span> <span class='ocrx_word' id='word_1_243' title='bbox 428 3082 496 3151; x_wconf 67' lang='lat' dir='ltr'><strong>vole.</strong></span> <span class='ocrx_word' id='word_1_244' title='bbox 516 3078 610 3135; x_wconf 89' lang='lat' dir='ltr'><strong>uerior</strong></span> <span class='ocrx_word' id='word_1_245' title='bbox 631 3081 682 3133; x_wconf 89' lang='lat' dir='ltr'><strong>aut</strong></span> <span class='ocrx_word' id='word_1_246' title='bbox 704 3097 771 3135; x_wconf 84' lang='lat' dir='ltr'><strong>corr.</strong></span> <span class='ocrx_word' id='word_1_247' title='bbox 791 3097 825 3135; x_wconf 79' lang='lat' dir='ltr'><strong>ec</strong></span> <span class='ocrx_word' id='word_1_248' title='bbox 846 3080 957 3135; x_wconf 89' lang='lat' dir='ltr'><strong>ueriora</strong></span> <span class='ocrx_word' id='word_1_249' title='bbox 974 3082 1136 3158; x_wconf 68' lang='lat' dir='ltr'><strong>uem-¹11</strong></span> 
     </span>
     <span class='ocr_line' id='line_1_33' title="bbox 104 3150 1135 3224; baseline 0.005 -21"><span class='ocrx_word' id='word_1_250' title='bbox 104 3150 122 3204; x_wconf 72' lang='grc'><strong>2</strong></span> <span class='ocrx_word' id='word_1_251' title='bbox 141 3150 205 3220; x_wconf 88' lang='lat' dir='ltr'><strong>plus</strong></span> <span class='ocrx_word' id='word_1_252' title='bbox 220 3154 248 3207; x_wconf 90' lang='lat' dir='ltr'><strong><em>A</em></strong></span> <span class='ocrx_word' id='word_1_253' title='bbox 270 3153 351 3221; x_wconf 90' lang='lat' dir='ltr'><strong>peius</strong></span> <span class='ocrx_word' id='word_1_254' title='bbox 372 3154 452 3208; x_wconf 75' lang='lat' dir='ltr'><strong>Gertz</strong></span> <span class='ocrx_word' id='word_1_255' title='bbox 470 3153 533 3219; x_wconf 71' lang='lat' dir='ltr'><strong>fort.</strong></span> <span class='ocrx_word' id='word_1_256' title='bbox 553 3158 622 3206; x_wconf 83' lang='lat' dir='ltr'><strong>reete</strong></span> <span class='ocrx_word' id='word_1_257' title='bbox 647 3151 657 3224; x_wconf 71' lang='lat' dir='ltr'><strong>ll</strong></span> <span class='ocrx_word' id='word_1_258' title='bbox 681 3151 699 3206; x_wconf 88' lang='lat'><em>8</em></span> <span class='ocrx_word' id='word_1_259' title='bbox 722 3168 773 3205; x_wconf 91' lang='lat' dir='ltr'><strong>nos</strong></span> <span class='ocrx_word' id='word_1_260' title='bbox 795 3153 820 3206; x_wconf 78' lang='lat' dir='ltr'><strong>h.</strong></span> <span class='ocrx_word' id='word_1_261' title='bbox 836 3154 854 3207; x_wconf 88' lang='lat' dir='ltr'><strong>l.</strong></span> <span class='ocrx_word' id='word_1_262' title='bbox 869 3153 933 3207; x_wconf 84' lang='lat' dir='ltr'><strong>odd.</strong></span> <span class='ocrx_word' id='word_1_263' title='bbox 954 3165 983 3219; x_wconf 75' lang='grc' dir='ltr'><strong>ς,</strong></span> <span class='ocrx_word' id='word_1_264' title='bbox 1002 3153 1135 3224; x_wconf 66' lang='lat' dir='ltr'><strong>piceique</strong></span> 
     </span>
     <span class='ocr_line' id='line_1_34' title="bbox 103 3221 1135 3301; baseline 0.005 -25"><span class='ocrx_word' id='word_1_265' title='bbox 103 3223 163 3277; x_wconf 84' lang='lat' dir='ltr'><strong>edd.</strong></span> <span class='ocrx_word' id='word_1_266' title='bbox 183 3231 247 3278; x_wconf 81' lang='lat' dir='ltr'><strong>oete</strong></span> <span class='ocrx_word' id='word_1_267' title='bbox 265 3225 357 3294; x_wconf 85' lang='lat' dir='ltr'><strong>magis</strong></span> <span class='ocrx_word' id='word_1_268' title='bbox 379 3223 389 3296; x_wconf 71' lang='lat' dir='ltr'><strong>ll</strong></span> <span class='ocrx_word' id='word_1_269' title='bbox 411 3223 446 3278; x_wconf 86' lang='lat'><strong>10</strong></span> <span class='ocrx_word' id='word_1_270' title='bbox 464 3222 718 3291; x_wconf 88' lang='lat' dir='ltr'><strong>blandentiumque</strong></span> <span class='ocrx_word' id='word_1_271' title='bbox 734 3224 761 3277; x_wconf 89' lang='lat' dir='ltr'><strong><em>A</em></strong></span> <span class='ocrx_word' id='word_1_272' title='bbox 784 3221 795 3295; x_wconf 71' lang='lat' dir='ltr'><strong>ll</strong></span> <span class='ocrx_word' id='word_1_273' title='bbox 816 3222 852 3277; x_wconf 83' lang='lat'><strong>14</strong></span> <span class='ocrx_word' id='word_1_274' title='bbox 870 3223 922 3278; x_wconf 86' lang='lat' dir='ltr'><strong>hos</strong></span> <span class='ocrx_word' id='word_1_275' title='bbox 940 3224 1005 3278; x_wconf 81' lang='lat' dir='ltr'><strong>odd.</strong></span> <span class='ocrx_word' id='word_1_276' title='bbox 1022 3225 1107 3281; x_wconf 74' lang='lat' dir='ltr'><strong>Koch</strong></span> <span class='ocrx_word' id='word_1_277' title='bbox 1124 3227 1135 3301; x_wconf 83' lang='grc'><strong>11</strong></span> 
     </span>
     <span class='ocr_line' id='line_1_35' title="bbox 104 3292 1135 3366; baseline 0.006 -18"><span class='ocrx_word' id='word_1_278' title='bbox 104 3293 140 3348; x_wconf 79' lang='lat' dir='ltr'><strong>lc</strong></span> <span class='ocrx_word' id='word_1_279' title='bbox 157 3310 244 3349; x_wconf 88' lang='lat' dir='ltr'><strong>uexor</strong></span> <span class='ocrx_word' id='word_1_280' title='bbox 267 3312 334 3351; x_wconf 83' lang='lat' dir='ltr'><strong>corr.</strong></span> <span class='ocrx_word' id='word_1_281' title='bbox 354 3313 388 3351; x_wconf 82' lang='lat' dir='ltr'><strong>ex</strong></span> <span class='ocrx_word' id='word_1_282' title='bbox 409 3312 480 3349; x_wconf 85' lang='lat' dir='ltr'><strong>uxor</strong></span> <span class='ocrx_word' id='word_1_283' title='bbox 497 3297 574 3350; x_wconf 59' lang='grc' dir='ltr'><strong>ΑΜ</strong></span> <span class='ocrx_word' id='word_1_284' title='bbox 597 3292 607 3366; x_wconf 70' lang='lat' dir='ltr'><strong>ll</strong></span> <span class='ocrx_word' id='word_1_285' title='bbox 631 3293 667 3348; x_wconf 78' lang='lat'><strong>24</strong></span> <span class='ocrx_word' id='word_1_286' title='bbox 685 3293 820 3362; x_wconf 86' lang='lat' dir='ltr'><strong>reliquias</strong></span> <span class='ocrx_word' id='word_1_287' title='bbox 835 3296 863 3349; x_wconf 90' lang='lat' dir='ltr'><strong><em>A</em></strong></span> <span class='ocrx_word' id='word_1_288' title='bbox 881 3293 1008 3364; x_wconf 84' lang='lat' dir='ltr'><strong>pericula</strong></span> <span class='ocrx_word' id='word_1_289' title='bbox 1028 3296 1135 3355; x_wconf 79' lang='lat' dir='ltr'><strong>Gorne-</strong></span> 
     </span>
     <span class='ocr_line' id='line_1_36' title="bbox 104 3365 1134 3439; baseline 0.005 -20"><span class='ocrx_word' id='word_1_290' title='bbox 104 3367 186 3421; x_wconf 79' lang='lat' dir='ltr'><strong>le&#39;asea</strong></span> <span class='ocrx_word' id='word_1_291' title='bbox 205 3365 356 3421; x_wconf 86' lang='lat' dir='ltr'><strong>febriculas</strong></span> <span class='ocrx_word' id='word_1_292' title='bbox 375 3384 421 3438; x_wconf 73' lang='lat' dir='ltr'><strong>eye</strong></span> <span class='ocrx_word' id='word_1_293' title='bbox 439 3366 449 3439; x_wconf 71' lang='grc' dir='ltr'>Η</span> <span class='ocrx_word' id='word_1_294' title='bbox 467 3366 503 3420; x_wconf 75' lang='lat'><strong>25</strong></span> <span class='ocrx_word' id='word_1_295' title='bbox 517 3365 698 3434; x_wconf 88' lang='lat' dir='ltr'><strong>medicusque</strong></span> <span class='ocrx_word' id='word_1_296' title='bbox 712 3366 755 3420; x_wconf 87' lang='lat' dir='ltr'><strong>A¹</strong></span> <span class='ocrx_word' id='word_1_297' title='bbox 768 3382 837 3421; x_wconf 80' lang='lat' dir='ltr'><strong>corr.</strong></span> <span class='ocrx_word' id='word_1_298' title='bbox 851 3383 887 3421; x_wconf 86' lang='lat' dir='ltr'><strong>m.</strong></span> <span class='ocrx_word' id='word_1_299' title='bbox 903 3365 1001 3439; x_wconf 67' lang='lat' dir='ltr'><strong>1-2l1</strong></span> <span class='ocrx_word' id='word_1_300' title='bbox 1017 3366 1055 3421; x_wconf 79' lang='grc'><strong>26</strong></span> <span class='ocrx_word' id='word_1_301' title='bbox 1070 3385 1134 3425; x_wconf 86' lang='lat' dir='ltr'><strong>cor-</strong></span> 
     </span>
     <span class='ocr_line' id='line_1_37' title="bbox 98 3437 1135 3510; baseline 0.008 -21"><span class='ocrx_word' id='word_1_302' title='bbox 98 3437 166 3503; x_wconf 85' lang='lat' dir='ltr'><strong>pori</strong></span> <span class='ocrx_word' id='word_1_303' title='bbox 185 3438 213 3491; x_wconf 93' lang='lat' dir='ltr'><strong><em>A</em></strong></span> <span class='ocrx_word' id='word_1_304' title='bbox 234 3437 245 3510; x_wconf 70' lang='lat' dir='ltr'><strong>j]</strong></span> <span class='ocrx_word' id='word_1_305' title='bbox 268 3438 304 3492; x_wconf 80' lang='grc'><strong>29</strong></span> <span class='ocrx_word' id='word_1_306' title='bbox 322 3439 421 3507; x_wconf 88' lang='lat' dir='ltr'><strong>utique</strong></span> <span class='ocrx_word' id='word_1_307' title='bbox 440 3455 504 3491; x_wconf 90' lang='lat' dir='ltr'><strong>eum</strong></span> <span class='ocrx_word' id='word_1_308' title='bbox 518 3439 615 3493; x_wconf 80' lang='lat' dir='ltr'><strong>Haase</strong></span> <span class='ocrx_word' id='word_1_309' title='bbox 632 3440 666 3491; x_wconf 91' lang='lat' dir='ltr'><strong>ut</strong></span> <span class='ocrx_word' id='word_1_310' title='bbox 684 3453 738 3505; x_wconf 91' lang='lat' dir='ltr'><strong>que</strong></span> <span class='ocrx_word' id='word_1_311' title='bbox 758 3441 792 3490; x_wconf 76' lang='lat' dir='ltr'><strong>esu</strong></span> <span class='ocrx_word' id='word_1_312' title='bbox 806 3437 848 3492; x_wconf 84' lang='lat' dir='ltr'><strong>A²</strong></span> <span class='ocrx_word' id='word_1_313' title='bbox 866 3438 913 3492; x_wconf 82' lang='lat' dir='ltr'><strong>sed</strong></span> <span class='ocrx_word' id='word_1_314' title='bbox 930 3454 1018 3506; x_wconf 77' lang='lat' dir='ltr'><strong>ssepra</strong></span> <span class='ocrx_word' id='word_1_315' title='bbox 1037 3443 1075 3494; x_wconf 73' lang='lat' dir='ltr'><strong>cfr</strong></span> <span class='ocrx_word' id='word_1_316' title='bbox 1090 3442 1135 3498; x_wconf 73' lang='lat' dir='ltr'><strong>A¹</strong></span> 
     </span>
     <span class='ocr_line' id='line_1_38' title="bbox 90 3507 1135 3584; baseline 0.009 -26"><span class='ocrx_word' id='word_1_317' title='bbox 90 3507 140 3559; x_wconf 77' lang='lat' dir='ltr'><strong>cel</strong></span> <span class='ocrx_word' id='word_1_318' title='bbox 147 3509 255 3574; x_wconf 67' lang='lat' dir='ltr'><strong>poam</strong></span> <span class='ocrx_word' id='word_1_319' title='bbox 277 3528 352 3568; x_wconf 79' lang='lat' dir='ltr'><strong>mee.</strong></span> <span class='ocrx_word' id='word_1_320' title='bbox 372 3511 509 3569; x_wconf 73' lang='lat' dir='ltr'><strong>recentior</strong></span> <span class='ocrx_word' id='word_1_321' title='bbox 531 3509 611 3566; x_wconf 84' lang='lat' dir='ltr'><strong>lacus</strong></span> <span class='ocrx_word' id='word_1_322' title='bbox 634 3509 742 3566; x_wconf 74' lang='lat' dir='ltr'><strong>addidit</strong></span> <span class='ocrx_word' id='word_1_323' title='bbox 764 3508 780 3581; x_wconf 67' lang='lat' dir='ltr'><strong>ll</strong></span> <span class='ocrx_word' id='word_1_324' title='bbox 798 3508 834 3563; x_wconf 79' lang='grc'><strong>30</strong></span> <span class='ocrx_word' id='word_1_325' title='bbox 857 3525 930 3576; x_wconf 88' lang='lat' dir='ltr'><strong>quae</strong></span> <span class='ocrx_word' id='word_1_326' title='bbox 948 3508 1007 3562; x_wconf 89' lang='lat' dir='ltr'><strong>iam</strong></span> <span class='ocrx_word' id='word_1_327' title='bbox 1027 3512 1135 3584; x_wconf 71' lang='lat' dir='ltr'><strong>Pinpel</strong></span> 
     </span>
     <span class='ocr_line' id='line_1_39' title="bbox 74 3579 551 3664; baseline 0.025 -31"><span class='ocrx_word' id='word_1_328' title='bbox 74 3590 122 3641; x_wconf 71' lang='lat' dir='ltr'><strong>ap.</strong></span> <span class='ocrx_word' id='word_1_329' title='bbox 141 3579 336 3655; x_wconf 71' lang='lat' dir='ltr'><strong>Madce&#39;ffl&#39;um</strong></span> <span class='ocrx_word' id='word_1_330' title='bbox 356 3585 459 3664; x_wconf 69' lang='lat' dir='ltr'><strong>quel&amp;</strong></span> <span class='ocrx_word' id='word_1_331' title='bbox 472 3589 507 3645; x_wconf 75' lang='lat' dir='ltr'><strong>ta</strong></span> <span class='ocrx_word' id='word_1_332' title='bbox 523 3587 551 3644; x_wconf 88' lang='lat' dir='ltr'><strong><em>A</em></strong></span> 
     </span>
    </p>
   </div>
   <div class='ocr_carea' id='block_1_4' title="bbox 0 0 1204 3840">
    <p class='ocr_par' dir='ltr' id='par_1_8' title="bbox 0 0 1204 3840">
     <span class='ocr_line' id='line_1_40' title="bbox 0 0 1204 3840; baseline 0 1"><span class='ocrx_word' id='word_1_333' title='bbox 0 0 1204 3840; x_wconf 95' lang='lat' dir='ltr'><strong> </strong></span> 
     </span>
    </p>
   </div>
  </div>
 </body>
</html>
