2400 3840
519 150 726 205 PRAEFATIO
1078 151 1131 206 VII
1197 206 1198 209 ,

110 301 316 378 Ambrosiani,
340 320 417 379 quae
441 301 577 380 dialogos
601 301 729 361 Senecae
752 302 969 379 complectitur.
1014 304 1047 362 in
1071 323 1131 380 qua

110 410 180 452 cunr
211 393 312 451 omnia
344 390 466 468 quidem
495 389 598 451 eadem
626 409 721 450 manu
750 391 875 467 scripta,
906 391 957 450 sed
984 393 1082 451 multa
1112 411 1130 452 a

110 479 235 541 diversis
266 500 321 540 nec
353 480 486 541 eiusdem
518 478 627 540 aetatis
660 480 874 540 correctoribus
905 483 1024 540 mutata
1060 481 1130 556 sint,

110 589 228 629 summa
257 589 329 630 cura
358 569 529 629 adhibenda
558 571 617 645 est,
644 572 680 630 ut
706 569 780 646 quid
807 570 915 647 cuique
937 569 1130 630 tribuendum

110 659 151 720 sit
174 679 265 736 quam
288 660 511 719 accuratissime
532 659 598 718 fieri
616 659 714 735 possit
731 658 877 718 dinoscas.
918 678 980 736 qua
997 659 1130 719 muneris

110 749 158 808 sui
186 750 272 826 parte
303 767 371 807 eum
399 748 474 807 Itali
496 748 654 808 collatores
683 748 817 807 Fickerti
845 767 906 807 non
935 748 1010 808 bene
1032 748 1131 808 functi

111 840 218 912 essent,
240 837 347 897 melius
369 837 454 896 Koch
476 857 540 896 rem
563 855 634 897 sane
658 837 868 897 difficillimam
891 856 1050 916 aggressus
1071 840 1130 914 est3

111 925 162 986 sed
193 947 230 985 ne
262 927 288 986 is
326 926 447 1003 quidem
480 944 529 1002 ea,
566 945 627 1003 qua
663 925 803 1002 debebat,
840 945 912 985 cura
944 927 1131 986 diversarum

109 1034 255 1075 manuum
274 1019 376 1092 partes
394 1015 540 1076 distinxit.
575 1015 671 1074 multo
693 1018 772 1076 certe
791 1014 961 1075 accuratius
980 1014 1131 1074 Gertzium

110 1105 147 1164 ds
179 1106 306 1184 singulis
338 1104 491 1180 manibus,
523 1123 643 1181 quoque
677 1105 765 1163 modo
795 1105 874 1164 inter
906 1123 937 1165 ss
969 1104 1130 1180 differrent,

109 1194 257 1254 iudicasse
276 1197 410 1272 apparet.
438 1194 529 1254 liceat
546 1193 642 1272 igitur
659 1193 838 1273 gravissima
857 1212 994 1271 quaeque
1013 1213 1048 1252 ex
1067 1193 1129 1253 eius

110 1283 313 1362 disputatione
335 1283 384 1345 hic
406 1286 547 1361 repetere.

198 1373 244 1434 Ac
275 1373 390 1451 primus
423 1373 544 1451 quidem
575 1372 717 1432 librarius
749 1365 794 1453 (A
826 1374 880 1432 aut
908 1364 980 1452 Al),
1017 1371 1130 1431 latinae
1149 1369 1190 1424 A¹

109 1463 232 1542 linguae
259 1482 320 1522 non
347 1462 508 1522 admodum
534 1461 662 1539 peritus,
692 1480 828 1538 eaquae
850 1461 883 1520 in
906 1461 1007 1521 codice
1030 1461 1130 1521 arche·

109 1556 183 1630 typo
215 1554 372 1613 invenerat
403 1571 520 1612 summa
552 1571 620 1612 cum
651 1550 724 1627 fide,
751 1550 803 1611 sed
830 1569 891 1610 non
919 1550 1041 1627 aequali
1064 1569 1131 1609 oum

111 1660 182 1700 cura
214 1640 384 1717 descripsit3
420 1659 493 1701 nam
522 1641 592 1701 inde
625 1659 644 1699 a
676 1639 881 1700 consolatione
913 1639 952 1699 ad
985 1640 1131 1698 Marciam

110 1729 207 1788 multo
233 1729 441 1807 neglegentius
470 1747 561 1805 quam
588 1731 678 1789 antea
700 1747 822 1789 munere
848 1748 903 1789 suo
931 1729 1052 1788 functus
1075 1730 1130 1788 est.

110 1818 179 1894 pari
207 1816 425 1894 inaequalitate
453 1819 574 1877 litterae
603 1816 692 1877 modo
722 1817 896 1896 diligentius
928 1817 1027 1894 pictae
1059 1820 1131 1877 sunt

110 1905 199 1965 modo
217 1905 438 1984 properantius,
460 1904 549 1964 modo
569 1906 697 1983 grandes
716 1924 891 1983 crassaeque
910 1906 999 1965 modo
1018 1925 1130 1984 parvae

109 1998 287 2072 tenuesque,
316 1994 405 2054 modo
436 1997 589 2055 coartatae
620 1993 709 2054 modo
739 1994 831 2054 latius
859 1994 1013 2070 diductae3
1039 1995 1130 2054 verba

109 2084 184 2144 alibi
205 2086 293 2162 plene
315 2086 430 2161 scripta
452 2087 525 2144 sunt
548 2076 622 2143 alibi
643 2082 747 2144 multis
772 2082 967 2160 compendiis,
990 2086 1039 2159 ut,
1062 2104 1130 2144 cum

108 2175 141 2234 in
166 2194 349 2252 unaquaque
376 2174 489 2252 pagina
518 2175 559 2234 37
584 2174 645 2233 fere
675 2191 779 2233 versus
802 2174 877 2248 sint,
906 2173 939 2232 lui
961 2176 1063 2232 tamen
1087 2174 1128 2233 37

108 2281 213 2325 versus
236 2264 308 2323 alibi
332 2267 372 2323 72
397 2263 472 2323 alibi
494 2265 536 2323 45
561 2263 696 2324 versibus
725 2261 890 2322 Gertzianis
920 2262 1129 2339 respondeant.

108 2354 141 2412 in
163 2355 339 2414 universum
362 2353 496 2432 singulas
518 2353 646 2431 paginas
669 2351 750 2412 idem
771 2352 833 2412 fere
856 2351 1021 2425 continere,
1050 2351 1130 2427 quod

109 2441 202 2502 codex
224 2444 405 2519 archetypus
428 2444 461 2501 in
484 2441 612 2520 singulis
635 2441 717 2501 foliis
739 2441 906 2516 habuisset,
932 2439 1020 2500 Gertz
1043 2459 1129 2519 saga-

110 2530 185 2590 citer
206 2533 375 2608 suspioatus
400 2534 453 2592 est.
493 2532 603 2606 multa,
627 2550 705 2608 quas
727 2550 818 2607 prave
842 2531 1016 2606 scripserat,
1039 2529 1129 2588 libra-

109 2620 172 2680 rius
203 2621 268 2697 ipse
299 2621 343 2680 ita
375 2621 515 2695 correxit,
545 2623 580 2679 ut
610 2638 679 2679 raro
708 2638 846 2679 rasuram
877 2619 1044 2694 adhiberet,
1077 2618 1130 2678 sed

108 2708 228 2786 punctis
256 2709 433 2786 plerumque
461 2708 573 2768 additis
601 2711 656 2769 aut
684 2708 802 2769 lineolis
825 2707 1003 2768 transversis
1026 2726 1128 2784 super·

108 2817 206 2859 vacua
224 2798 350 2874 deleret,
373 2798 484 2858 omissa
502 2817 594 2875 supra
611 2816 731 2858 versum
745 2797 876 2857 adderet.
908 2797 1040 2856 dubitari
1058 2813 1128 2856 vero

109 2887 227 2965 nequit,
251 2889 324 2966 quin
346 2887 474 2947 fideliter
496 2888 714 2965 praescriptum
736 2886 901 2947 reddiderit
923 2905 1020 2964 neque
1044 2884 1129 2962 quid-

109 2996 202 3053 quam
230 2979 283 3036 aut
305 2976 467 3036 admodum
489 2996 601 3053 pauca,
628 2979 659 3036 et
686 2995 763 3054 quae
789 2975 877 3035 facile
901 2975 1129 3054 cognoscantur,

109 3065 145 3125 de
182 3084 236 3125 suo
274 3065 422 3126 addiderit
466 3058 533 3148 (cfr.
554 3087 582 3143 p.
606 3067 679 3142 250,
701 3067 756 3142 193
790 3066 939 3142 264,11;
978 3063 1128 3138 265,19;

110 3155 266 3231 303,14.

198 3147 257 3304 Ea)
279 3262 356 3321 quae
389 3244 487 3321 prima
515 3263 623 3304 manus
653 3245 828 3303 exaraverat
864 3261 924 3302 non
955 3242 1000 3300 ita
1031 3240 1127 3300 multo
1147 3239 1188 3294 A*

109 3337 179 3411 post
202 3367 244 3375 -
268 3333 382 3393 Kochio
407 3335 433 3393 si
455 3333 544 3393 fidem
567 3333 726 3408 habemus,
749 3351 824 3392 saec.
838 3330 897 3390 ΧΠ
919 3332 1004 3408 parte
1029 3328 1128 3406 priore

109 3456 152 3465 —-
172 3427 321 3483 corrector
339 3422 462 3499 quidam
479 3424 601 3502 linguae
619 3423 733 3481 latinae
752 3421 856 3495 sciens,
879 3421 942 3480 sive
965 3420 1127 3497 archetypo

108 3529 181 3572 usus
205 3513 268 3572 eive
287 3513 381 3571 altero
402 3513 575 3590 apographo
594 3513 659 3571 eius
679 3529 772 3587 eoque
791 3507 1149 3587 quibusdam‘xnudm
