2400 3840
99 192 163 259 146
300 189 331 245 L.
345 187 488 244 ANNAEI
506 186 670 245 sennem
688 187 785 244 DIAL.
798 187 866 245 LIB.
880 187 914 243 V.

95 356 227 402 causam
256 334 291 399 in
319 334 458 399 frontem
488 334 625 399 mediam
652 337 809 418 quantum
831 337 959 419 poterat
980 337 1118 401 attracta

97 425 213 510 pingui
232 423 333 490 saliva
350 423 525 507 inspuisset
541 421 698 489 Lentulus
717 423 772 488 ille
790 426 919 508 patrum
932 427 1118 492 nostrorum

98 513 253 578 memoria
288 512 442 579 factiosus
479 515 512 576 et
545 512 709 596 inpotens,
744 513 894 578 abstersit
924 512 1040 580 faciem
1072 518 1118 579 et:

100 601 306 667 ‘adfirmabo'
329 601 435 685 inquit
462 600 640 686 ‘omnibua
662 600 812 686 Lentule,
834 601 905 668 falli
927 623 982 668 eos
1006 602 1063 688 qui
1085 607 1118 669 te

100 695 220 777 negant
243 713 279 757 os
301 689 439 756 habere?
522 713 525 721 ·
1149 712 1160 752 s

62 816 76 865 1
186 795 334 862 XXXIX.
372 795 517 882 Contigit
539 796 604 862 iam
625 797 733 881 nobis,
760 795 900 881 Novate,
922 797 1004 862 bene
1031 819 1117 864 com·

97 908 218 970 ponere
235 887 390 951 animum:
414 890 470 950 aut
487 907 554 951 non
572 887 670 951 sentit
687 886 885 951 iracundiam
900 889 958 950 aut
971 887 1119 972 superior

98 979 153 1040 est.
199 976 364 1041 videamus
394 976 556 1058 quomodo
584 975 722 1041 alienam
749 975 830 1039 iram
856 974 1029 1061 leniamus3
1058 998 1118 1043 nec

98 1065 183 1130 enim
206 1065 276 1130 sani
299 1087 367 1131 esse
389 1067 516 1129 tantum
539 1064 702 1148 volumus,
725 1064 781 1130 sed
804 1085 923 1130 sanare.

62 1173 77 1220 2
186 1152 329 1219 Primam
360 1154 441 1218 iram
471 1175 539 1218 non
570 1153 758 1219 audebimus
789 1153 935 1218 oratione
963 1155 1118 1221 mulcere:
1136 1176 1161 1215 ro

98 1243 194 1309 su'rda
217 1246 267 1307 est
289 1247 321 1307 et
343 1264 466 1326 amens3
489 1241 635 1308 dabimus
658 1241 708 1306 ffli
730 1242 879 1327 spatium.
919 1243 1061 1309 remedia
1083 1245 1119 1309 in

97 1332 339 1397 remissionibus
362 1333 511 1416 prosunt3
534 1352 594 1397 neo
616 1332 727 1397 oculos
750 1332 903 1396 tumentis
921 1335 1118 1416 temptamus

97 1422 165 1486 vim
181 1421 339 1506 rigentem
358 1421 515 1485 movendo
534 1420 712 1504 incitaturi,
730 1442 790 1486 nec
808 1424 913 1486 cetera
930 1421 1023 1505 vitia,
1040 1422 1118 1487 dum

62 1509 235 1575 afervent:
272 1509 365 1574 initia
396 1509 582 1574 morborum
615 1510 705 1593 quies
738 1513 836 1575 curat.
892 1508 1117 1594 ‘quantulum'

97 1600 205 1682 inquis
238 1599 384 1683 ‘prodest
412 1598 589 1663 remedium
618 1601 724 1682 tuum,
753 1599 782 1664 si
808 1620 867 1663 sua
894 1601 1008 1683 sponte
1035 1598 1117 1664 desi·
1137 1619 1162 1660 rs

97 1691 225 1753 nentem
244 1689 325 1753 iram
342 1687 478 1772 placatl'
515 1687 669 1775 primum,
687 1691 725 1752 ut
743 1687 838 1752 citius
853 1687 990 1772 desinat,
1003 1685 1118 1774 efficit3

98 1777 211 1842 deinde
241 1777 394 1860 custodit,
423 1800 465 1842 ne
493 1777 647 1862 reccidat3
669 1776 776 1861 ipsum
799 1798 928 1861 quoque
950 1777 1119 1862 impetum,

5 1872 7 1877 ’
98 1889 193 1950 quem
220 1889 286 1932 non
313 1866 410 1931 audet
435 1866 548 1950 lenire,
576 1865 679 1931 furer:
710 1866 889 1931 removebit
912 1866 1021 1932 omnia
1042 1867 1118 1932 nlti-

98 1957 168 2020 onis
192 1957 417 2039 instrumenta,
440 1956 604 2021 simulabit
626 1956 720 2038 iram,
742 1959 780 2019 ut
802 1957 967 2038 tamquam
989 1955 1118 2021 adiutor

97 2049 129 2109 et
159 2045 279 2110 doloris
308 2067 414 2111 comes
442 2046 515 2129 plus
543 2044 744 2110 auctoritatis
767 2044 802 2108 in
825 2044 969 2110 consiliis
991 2044 1162 2129 habeatis

98 2154 203 2198 moras
226 2138 334 2199 nectet
355 2137 400 2218 et,
427 2135 503 2198 dum
526 2134 680 2198 maiorem
703 2155 841 2216 poenam
865 2133 1005 2218 quaerit,
1027 2155 1118 2218 prae·

62 2225 220 2286 rsentem
252 2223 385 2288 differet.
431 2223 520 2287 omni
550 2226 618 2286 arte
649 2223 792 2306 requiem
824 2221 926 2287 fiirori
955 2222 1058 2287 dabit:
1090 2223 1119 2288 si

97 2309 316 2375 vehementior
347 2312 421 2395 erit,
453 2315 509 2374 aut
541 2311 697 2392 pudorem
728 2311 778 2375 illi
809 2311 862 2376 cui
893 2333 960 2376 non
988 2312 1119 2378 resistat

98 2400 232 2463 incutiet
255 2403 311 2463 aut
333 2403 468 2482 metum3
498 2399 526 2464 si
548 2399 719 2484 infirmior,
743 2422 904 2466 semones
927 2399 1044 2466 inferet
1065 2401 1118 2466 vel

98 2491 207 2574 gratos
238 2488 291 2552 vel
320 2510 421 2553 novos
452 2491 484 2551 et
514 2488 689 2572 cupiditate
718 2489 934 2575 cognoscendi
960 2490 1116 2555 avocabit.
1135 2507 1161 2548 aa

98 2577 258 2641 medicum
288 2577 391 2661 aiunt,
421 2599 494 2642 cum
521 2577 606 2662 regis
636 2577 737 2642 filiam
764 2600 875 2644 curare
903 2578 1030 2643 deberet
1057 2600 1117 2645 nec

98 2666 166 2732 sine
203 2666 287 2731 ferro
324 2670 446 2751 posset,
481 2665 557 2731 dum
588 2670 766 2733 tumentem
798 2688 970 2741 mammam
1001 2667 1117 2734 leniter

97 2754 199 2838 fovet,
214 2755 402 2839 scalpellum
417 2777 559 2842 spongea
572 2760 693 2822 tectum
707 2756 884 2823 induxisse:
906 2762 1118 2843 repugnasset

97 2844 206 2928 puella
236 2846 377 2910 remedio
409 2846 517 2930 palam
546 2846 689 2929 admoto,
719 2844 842 2929 eadem,
873 2845 948 2930 quia
974 2868 1043 2911 non
1064 2868 1117 2912 ex-

97 2934 252 3018 pectavit,
284 2934 428 2999 dolorem
459 2935 542 2999 tulit.
602 2935 758 3018 quaedam
789 2956 857 2999 non
887 2935 951 3000 nisi
982 2935 1118 3021 decepta
1136 2953 1163 2996 ao

98 3026 260 3090 sanantur.

64 3147 77 3194 1
186 3128 252 3194 XL.
287 3127 391 3195 Alteri
415 3131 513 3196 dices:
537 3131 625 3196 ‘vide
647 3154 688 3196 ne
710 3129 849 3195 inimicis
873 3130 1038 3195 iracundia
1059 3135 1118 3196 tua

98 3220 258 3305 voluptati
288 3219 354 3302 sit'‚
391 3221 496 3285 alteri:
533 3220 619 3286 ‘vide
648 3243 688 3286 ne
718 3220 907 3306 magnitudo
937 3220 1037 3286 animi
1067 3221 1117 3285 tui

187 3413 221 3467 17
240 3412 366 3483 reccidat
383 3412 411 3468 A
428 3413 439 3485 d
456 3412 490 3468 21
506 3413 599 3486 querit
613 3414 642 3482 (q
656 3429 690 3470 ea
704 3428 720 3467 o
734 3414 814 3483 corr.)
828 3414 858 3469 A
874 3412 884 3486 {t
901 3411 1118 3468 ariarectes

96 3481 184 3537 infert
201 3487 229 3538 A
252 3484 256 3554 t
278 3483 314 3539 28
336 3500 461 3554 spongea
483 3486 511 3540 A
534 3487 585 3554 cfr.
606 3501 666 3554 cap.
687 3489 762 3553 19,3
780 3491 806 3541 et
823 3489 841 3540 4
858 3483 868 3557 tt
890 3483 926 3541 80
949 3484 1069 3554 decepta
1088 3486 1118 3541 A

82 3550 216 3618 deceptis
262 3556 417 3615 Maeona
