2400 3840
458 153 665 209 PRAEFATIO
919 167 924 177 ‘
1034 153 1073 207 IX

56 308 110 365 aut
128 304 218 365 verba
237 306 384 382 quaedam
402 304 441 363 ad
460 305 688 384 grammaticam
706 307 760 364 aut
778 305 817 362 ad
838 306 886 364 ius
904 305 1073 364 Romanum

54 394 238 473 pertinentia
273 395 469 471 explicarent,
505 394 555 454 hic
590 412 819 454 commemorare
856 395 930 453 satis
968 394 1073 468 habeo,

55 485 167 562 quippe
197 502 273 560 quas
302 484 334 542 in
364 485 612 544 commentarium
639 483 770 559 recipere
798 484 945 543 noluerim
969 484 1075 542 auxilii

55 572 94 632 ad
125 574 252 633 Senecae
283 572 374 633 verba
403 572 589 632 emendanda
615 573 691 632 nihil
721 574 885 632 afferentes.
931 573 981 632 sed
1005 591 1073 632 cum

54 682 92 722 ne
123 663 197 722 haec
229 662 349 740 quidem
379 681 486 721 manus
519 663 607 722 certis
638 662 751 738 ubique
782 661 902 721 indiciis
932 681 951 720 a
981 681 1073 721 manu

54 751 153 828 prima
183 754 214 811 et
243 752 374 812 secunda
403 751 551 829 distingui
579 751 689 829 possit,
720 749 821 826 Gertz,
847 750 899 809 ubi
926 752 1073 810 incertum

55 844 360 1011 erpgc,)quapn)1anue
384 841 572 920 agnoscenda
596 844 682 916 esset,
706 840 799 919 signis
822 858 894 900 usus
918 832 1073 914 estA1’2,

54 928 85 989 Α
118 929 214 1005 ?,A
233 928 288 1010 (u

145 1018 259 1088 Quarta
289 1018 395 1078 deinde
423 1038 532 1078 manus
560 1012 632 1099 (A4)
661 1017 792 1080 breuiter
818 1018 868 1077 hic
897 1036 1073 1078 commemo·
1092 1016 1133 1071 Α4

56 1107 152 1167 rande
184 1111 241 1184 est,
274 1128 352 1184 quae
384 1109 533 1184 scriptura
565 1109 663 1166 nitida
694 1111 725 1168 et
756 1107 796 1167 ad
831 1106 1073 1185 Langobardicas

54 1198 166 1257 formas
190 1196 347 1257 accedente
364 1199 470 1273 paucis
489 1198 562 1257 locis
581 1197 650 1256 inde
670 1217 688 1257 a
706 1197 827 1275 dialogo
845 1196 877 1254 H
895 1198 1074 1275 argumenta

55 1287 203 1363 quaedam
235 1289 266 1345 et
297 1287 411 1345 scholia
443 1287 611 1363 adscripsit.
665 1305 726 1345 non
758 1288 838 1345 enim
870 1286 962 1364 digna
992 1284 1074 1344 vide·

54 1375 166 1435 bantur
189 1395 267 1454 quae
290 1375 322 1434 in
346 1378 496 1452 apparatu
519 1376 622 1435 critico
646 1375 823 1435 exhiberem.

144 1463 203 1524 Sed
226 1485 293 1525 cum
316 1484 411 1541 usque
436 1465 474 1524 ad
497 1465 530 1523 id
551 1466 679 1541 tempus,
703 1465 730 1524 ei
752 1482 863 1540 paucas
886 1455 931 1521 Α3
952 1481 1073 1522 rasuras

55 1554 216 1629 exceperiS,
245 1554 337 1613 codex
363 1555 497 1615 modeste
526 1573 544 1612 a
571 1552 785 1612 correctoribus
815 1554 963 1612 tractatus
987 1554 1074 1627 esset,

55 1643 174 1702 saeculo
201 1643 273 1700 XIV
297 1645 352 1701 aut
374 1643 429 1700 XV
457 1662 476 1702 a
502 1662 595 1702 manu
625 1644 732 1719 quinta
760 1641 874 1702 rasuris
903 1639 1074 1701 foedissime
1092 1639 1133 1692 A⁶

55 1732 192 1788 vastatus
223 1733 275 1789 est.
323 1733 413 1805 atque
442 1735 478 1791 ut
501 1751 519 1790 a
542 1730 705 1791 levioribus
727 1733 884 1807 incipiam,
911 1732 943 1789 in
973 1731 1073 1790 ortho-

55 1817 183 1896 graphia
204 1818 254 1877 hic
277 1821 425 1877 corrector
446 1820 598 1895 permulta
616 1821 741 1880 novavit
759 1822 908 1896 scriptura
931 1819 1074 1878 nimirum

56 1906 95 1966 ad
118 1924 189 1966 suae
213 1907 323 1966 aetatis
345 1925 436 1965 usum
458 1909 695 1967 accommodata:
717 1909 762 1967 ita
781 1926 816 1967 ae
833 1909 883 1968 vel
902 1926 916 1988 ς
938 1908 971 1966 in
989 1925 1016 1977 e,
1034 1925 1073 1966 uo

53 1996 86 2054 in
108 1997 216 2065 cottus,
244 1996 349 2055 octoas
371 1997 404 2054 in
426 2015 469 2056 me
492 2016 608 2073 semper
635 1998 696 2056 fere
718 1999 850 2057 mutavit
876 1999 907 2056 et
930 1997 1073 2073 antiquae

54 2086 222 2161 scripturae
249 2084 393 2162 reliquias
421 2087 453 2144 in
482 2086 671 2159 opscoadere,
703 2090 879 2154 aestumare,
900 2103 1072 2158 proxumus,

53 2175 180 2249 aeoleqo,
210 2179 294 2247 aper,
322 2176 463 2248 optinere,
492 2176 604 2235 cottidie
632 2175 696 2235 sim.
722 2175 881 2254 diligenter
906 2178 937 2234 et
962 2175 1073 2252 ubique

49 2283 176 2323 rasurae
207 2282 263 2340 ope
297 2264 419 2341 expulit.
465 2265 545 2324 idem
579 2266 742 2325 innumeris
774 2266 862 2340 locis,
899 2265 1010 2341 quibus
1040 2264 1073 2322 in

53 2352 151 2412 uerbis
196 2353 426 2431 nominibusque
472 2374 539 2413 cum
583 2354 856 2430 praepositionibus
900 2353 1073 2432 compositis

53 2442 163 2501 ultima
189 2443 421 2518 praepositionis
450 2462 615 2504 consonans
643 2445 782 2520 sequenti
809 2443 986 2504 consonanti
1011 2461 1073 2505 non

55 2529 227 2591 adsimilata
245 2534 318 2606 erat,
337 2533 451 2592 rasuris
469 2552 542 2593 usus
562 2532 749 2593 assimilavit.
787 2532 944 2592 sescenties
966 2531 1072 2591 deinde

54 2638 90 2679 ea
114 2638 189 2695 quae
212 2615 256 2679 Α1
278 2623 357 2680 recte
381 2621 515 2698 quidem,
538 2621 657 2681 sedita
681 2624 867 2696 exaraverat,
897 2625 932 2681 ut
955 2621 1073 2698 singula

53 2707 145 2769 rerba
178 2709 381 2784 cohaererent,
414 2711 573 2770 continuae
610 2711 776 2787 scripturae
812 2711 973 2787 impatiens
1010 2710 1072 2768 suis

54 2797 169 2857 artibus
192 2799 323 2858 variavit
346 2817 379 2858 ao
401 2819 438 2858 ne
462 2799 504 2859 eis
532 2799 652 2876 quidem
675 2800 748 2860 locis
779 2818 803 2874 a
819 2818 926 2860 rasura
949 2795 1073 2858 manum

54 2886 209 2963 abstinuit,
232 2887 284 2946 ubi
306 2888 368 2947 iam
390 2889 457 2965 ipsa
479 2907 586 2948 manus
609 2889 707 2966 prima
732 2891 786 2948 aut
808 2888 939 2948 secunda
960 2889 1072 2948 leniore

52 2976 197 3052 remedio,
224 2977 342 3038 lineolis
365 2977 522 3054 uncisque,
547 2978 665 3037 litteras
691 2978 724 3036 in
747 2977 838 3038 verba
861 2978 1071 3054 dispescuerat.

53 3064 189 3124 sednon
212 3067 310 3126 solum
333 3086 381 3142 ea,
410 3086 486 3143 quae
508 3086 604 3143 prava
631 3086 695 3126 esse
718 3067 775 3126 sibi
796 3069 1000 3143 persuaserat,
1027 3067 1072 3124 ita

53 3154 190 3230 correxit,
209 3155 260 3214 sed
278 3156 370 3214 etiam
384 3156 627 3233 compendiorum
641 3155 831 3217 avidissimus
843 3156 876 3216 in
890 3173 1072 3231 unaquaque

52 3243 166 3322 pagina
180 3243 316 3322 singulas
326 3245 457 3321 syllabas
468 3263 623 3323 vocesque,
637 3245 719 3304 haud
732 3265 801 3305 raro
816 3246 908 3306 etiam
918 3244 1072 3319 complura

52 3332 144 3393 rerba
174 3333 281 3409 erasit,
309 3333 424 3394 scilieet
452 3337 488 3393 ut
513 3335 546 3394 in
575 3335 699 3394 lacunas
722 3352 843 3411 prorsus
867 3333 971 3392 eadem
994 3354 1071 3409 quae

53 3425 197 3499 eraserat,
230 3423 282 3482 sed
313 3424 373 3483 alio
405 3425 507 3499 modo,
540 3423 722 3500 compendiis
753 3423 896 3482 nimirum
928 3421 1071 3483 adhibitis

53 3512 179 3588 scripta,
206 3511 373 3601 infulciret3
412 3514 491 3572 hune
518 3516 714 3572 correctorem
744 3512 804 3572 sibi
823 3515 1000 3588 temperare
1019 3529 1094 3564 nen
