2400 3840
95 206 138 272 38
296 200 327 256 a.
341 200 484 256 masam
502 200 665 257 emmona
683 200 779 256 nna.
795 201 862 258 am.
877 200 911 256 11.

94 349 213 414 factam
235 348 392 413 honorem
414 347 531 412 habeat
553 346 583 413 ei
606 342 663 431 qui
684 346 775 432 feeit,
797 369 925 414 necesse
948 350 1001 415 est
1023 350 1123 435 enim,

94 461 114 501 a
137 458 201 522 quo
225 438 361 522 quisque
379 437 542 503 contemni
559 438 693 502 moleste
711 437 807 521 ferat,
830 436 951 521 suspici
968 438 1121 524 gaudeat.

60 564 72 610 1
182 543 269 610 XIV.
293 543 396 610 Tanta
420 544 575 628 quosdam
595 543 754 609 dementia
773 547 873 627 tenet,
896 547 934 608 ut
956 544 1022 611 sibi
1046 568 1121 613 con·

93 635 259 698 tumeliam
292 633 362 698 fieri
392 636 507 718 putent
539 655 634 717 posse
665 655 685 697 a
716 633 857 697 muliere.
908 633 989 717 quid
1021 636 1121 702 refert

94 744 190 806 quam
217 723 369 807 habeant,
396 726 476 806 quot
501 721 682 788 lecticarios
703 721 889 806 habentem,
916 744 1017 807 quam
1046 742 1149 791 one-i

93 814 178 876 ratas
210 834 314 895 aures,
347 833 443 896 quam
474 812 582 876 laxam
615 811 749 876 sellam?
803 832 902 895 aeque
937 812 1118 896 inprudens

93 900 213 965 animal
240 904 288 966 est
310 903 357 984 et,
382 901 447 966 nisi
470 901 603 966 scientia
625 901 759 966 accessit
781 922 819 966 ao
840 901 944 965 multa
966 902 1119 988 eruditio,

92 989 211 1073 ferum,
233 990 459 1074 cupiditatium
482 989 693 1055 incontinens.
726 989 856 1073 quidam
878 1012 911 1055 se
925 1012 945 1054 a
957 990 1117 1058 cinerario

92 1078 1147 1252 sisciamtestamenfum1„

92 1257 308 1341 supercilium.
356 1278 374 1319 o
399 1259 537 1339 quantus
564 1256 648 1322 risus
675 1256 759 1321 inter
787 1257 850 1322 ista
871 1257 1039 1325 tollendus
1063 1262 1118 1345 est,

93 1348 214 1426 quanta
235 1345 401 1429 voluptate
424 1346 606 1430 implendus
629 1345 754 1411 animus
771 1368 811 1410 ex
828 1346 1011 1412 alienorum
1035 1371 1118 1415 erro

57 1453 165 1499 arum
188 1434 331 1498 tumultu
354 1435 586 1519 contemplanti
610 1435 749 1519 quietem
771 1436 875 1501 suaml
908 1434 1000 1519 ‘quid
1020 1437 1118 1526 ergo?

93 1522 220 1606 sapiens
243 1543 310 1586 non
337 1522 465 1588 accedet
492 1523 533 1586 ad
559 1524 659 1607 fores,
687 1545 766 1608 quas
795 1524 893 1589 durus
916 1524 1042 1592 ianitor
1064 1550 1117 1613 op

93 1609 207 1675 sidet?
253 1611 308 1676 ille
331 1633 421 1695 vero,
444 1613 471 1677 si
494 1634 544 1677 res
567 1614 745 1678 necessaria
767 1613 909 1696 vocabit,
933 1616 1147 1698 experieturs

92 1700 253 1784 stillum,
277 1701 423 1785 quisquis
446 1701 519 1785 erit,
541 1704 695 1784 tanquam
719 1723 830 1768 canem
854 1724 959 1768 aorem
989 1705 1117 1773 obiecto

91 1789 164 1853 cibo
196 1789 294 1854 leniet
332 1812 392 1855 nec
427 1790 649 1876 indignabitur
683 1791 806 1875 aliquid
842 1791 1048 1880 impendere,
1085 1798 1119 1861 ut

90 1878 190 1943 limen
212 1882 366 1964 transeat,
389 1881 535 1966 cogitans
559 1884 591 1944 et
613 1880 647 1943 in
670 1881 823 1964 pontibus
843 1880 1042 1963 quibusdam
1061 1906 1118 1969 pro

89 1969 228 2035 transitu
260 1969 337 2033 dari.
383 1968 492 2053 itaque
523 1969 573 2033 illi
603 1989 745 2053 quoque,
777 1970 923 2054 quisquis
951 1970 1033 2057 erit,
1066 1972 1120 2058 qui

90 2056 153 2123 hoo
176 2059 407 2124 salutationum
430 2058 597 2143 publicum
620 2061 778 2143 exerceat,
802 2058 947 2123 donabit:
970 2062 1039 2127 scit
1057 2063 1149 2128 emis

91 2167 161 2210 aere
184 2148 317 2212 venalia.
364 2146 419 2211 ille
450 2147 563 2230 pusilli
594 2146 693 2211 animi
725 2150 786 2230 est,
819 2148 875 2232 qui
907 2146 970 2213 sibi
1000 2151 1120 2236 placet,

92 2233 178 2316 quod
202 2228 333 2300 ostiario
356 2236 456 2300 libere
474 2235 652 2318 respondit,
676 2237 763 2320 quod
776 2237 901 2322 virgam
920 2237 989 2303 eius
1011 2240 1120 2329 fregit,

92 2322 179 2404 quod
211 2323 251 2387 ad
278 2323 445 2387 dominum
476 2324 609 2390 accessit
636 2328 668 2389 et
694 2328 777 2410 petit
799 2324 931 2391 corium.
977 2326 1064 2396 facit
1087 2353 1119 2397 se

56 2430 71 2477 3
91 2411 308 2477 adversarium
332 2412 389 2494 qui
412 2412 590 2496 contendit,
612 2417 644 2477 et
665 2417 703 2478 ut
724 2415 846 2499 vincat,
868 2438 927 2498 par
949 2415 1026 2482 fuit.
1074 2418 1120 2485 ‘at

91 2501 217 2584 sapiens
251 2500 388 2584 colapho
420 2523 590 2586 percussus
623 2503 701 2588 quid
732 2503 861 2569 faciet?
908 2503 996 2588 quod
1028 2505 1151 2593 Oeten

91 2609 163 2653 cum
187 2589 237 2654 illi
261 2612 296 2655 os
315 2611 502 2672 percussum
521 2595 616 2658 esset:
638 2614 705 2656 non
723 2592 907 2678 excanduit,
928 2616 998 2659 non
1011 2596 1118 2663 vindi·

91 2679 176 2742 eavit
198 2678 361 2763 iniuriam,
383 2703 423 2745 ne
446 2680 569 2747 remisit
591 2681 734 2767 quidem,
757 2683 812 2748 sed
829 2683 948 2748 factam
966 2687 1117 2772 negavit3

180 2853 196 2908 1
215 2858 387 2910 neeessesest
400 2857 428 2911 A
445 2855 455 2929 Η
472 2855 491 2910 2
509 2857 613 2925 suspici
626 2855 668 2911 A³
685 2855 695 2930 l}
712 2856 730 2911 5
747 2856 820 2912 inter
838 2874 924 2926 quam
942 2864 969 2914 et
984 2858 1117 2919 habeant

91 2925 226 2993 epitheton
249 2929 374 2997 pectorale
399 2928 569 2983 intercidisse
594 2934 626 2982 at
649 2927 778 2995 divitem,
802 2927 939 2995 nobilem,
958 2928 1117 2991 formosum

85 3002 172 3065 putat
184 2998 308 3053 Karsten
332 2999 335 3071 l
362 3002 431 3067 quot
452 3000 522 3068 cols.
542 2998 618 3067 quod
632 2999 661 3054 A
678 2998 688 3072 Η
712 2999 730 3053 b
748 3015 820 3072 eque
834 3002 862 3056 A
883 3000 894 3072 ΙΙ
917 3000 977 3057 oet
990 3002 1030 3060 10
1049 3007 1116 3062 osti-

91 3066 335 3124 ari-cubiculari
353 3087 420 3126 corr.
436 3071 469 3124 ia
487 3069 535 3123 -rii
549 3069 591 3123 A¹
608 3069 618 3142 Η
639 3069 672 3124 11
692 3069 764 3124 risus
782 3071 857 3126 inter
874 3072 931 3126 ista
948 3073 1027 3130 risus
1045 3077 1116 3134 tole·

89 3139 195 3194 randus
204 3143 232 3196 A
247 3141 322 3195 inter
335 3141 391 3195 ista
405 3142 478 3195 risus
492 3139 634 3194 tollendus
648 3153 673 3208 ς,
687 3159 735 3213 epo
748 3143 864 3198 alterum
878 3143 951 3197 risus
966 3162 989 3200 e.
1000 3147 1116 3206 Gerenia

90 3213 177 3267 delere
201 3213 290 3267 malui
316 3212 327 3285 ΙΙ
353 3209 390 3266 14
412 3227 483 3280 quas
506 3228 575 3267 corr.
596 3229 631 3267 ex
654 3218 710 3280 qua
731 3215 796 3281 fort.
818 3213 860 3270 A¹
887 3214 890 3288 l
918 3216 1033 3274 obsidet
1048 3220 1092 3276 Α*
1107 3221 1116 3293 {j

89 3282 125 3336 20
143 3283 197 3337 scit
216 3284 272 3338 emi
291 3298 355 3336 aere
377 3300 403 3338 v.
424 3283 525 3351 scripsi
542 3283 743 3340 Baehreosiem
765 3293 873 3342 secatis
895 3287 944 3355 qui
966 3289 1000 3344 in
1019 3308 1115 3348 comis

91 3354 191 3410 Catuli.
207 3358 274 3409 115:
293 3354 347 3407 scis
365 3352 421 3406 emi
436 3370 500 3408 aere
515 3371 541 3408 v.
556 3356 624 3409 coni.
641 3356 696 3410 scit
709 3372 801 3412 emere
814 3375 841 3411 u.
853 3357 881 3412 A
894 3356 905 3430 ΙΙ
922 3356 959 3412 28
972 3360 1054 3432 petit
1067 3365 1096 3420 A

90 3423 161 3478 facit
179 3426 229 3492 qui
248 3424 394 3479 contendit
407 3424 450 3479 A¹
467 3424 538 3480 facit
555 3442 586 3480 se
605 3425 796 3482 adversarium
809 3427 851 3483 A³
869 3431 901 3484 in
918 3447 1007 3516 msrp.
1023 3435 1092 3492 aad

78 3493 271 3620 ffiflfflw
294 3497 322 3553 A
350 3498 377 3567 (ο
402 3513 436 3551 ex
459 3515 479 3550 u
504 3513 573 3553 corr.
594 3499 661 3568 oid.)
688 3499 725 3553 -is
750 3500 819 3570 oolq.
847 3499 860 3571 tt
888 3499 924 3555 26
948 3500 996 3558 ilh
1021 3522 1056 3563 os
1075 3508 1104 3563 A
