2400 3840
227 220 277 275 AD
297 218 488 274 POLYBIVM
506 218 555 273 DE
574 218 853 274 CONSOLATIONE
873 218 951 276 OAP.
967 225 999 274 17
1059 222 1125 288 335

107 365 231 431 homini
257 367 306 431 fas
335 368 384 430 est
410 386 469 449 per
495 364 603 429 divina
630 365 676 429 ire
703 363 846 450 vestigia.
894 365 1039 449 quamvis
1062 366 1160 431 slata

107 455 142 520 in
171 455 242 520 eliis
272 454 366 519 rebus
398 453 592 540 dignitatum
623 475 660 520 ac
687 453 895 519 nobilitatum
923 476 1041 540 magna
1064 454 1126 519 dis·

102 544 254 629 crimina,
281 545 385 608 virtus
412 544 447 608 in
474 543 579 608 medio
607 543 715 627 posita
741 546 803 607 est:
829 543 990 608 neminem
1019 544 1126 630 dedig-

106 637 218 717 natur,
241 633 297 716 qui
320 632 416 696 modo
441 633 576 718 dignum
599 653 633 697 se
651 633 708 697 illa
725 631 854 696 indicat.
900 635 1023 716 optime
1041 637 1126 699 certe

77 723 182 787 eillos
210 721 403 804 imitaberis,
430 723 487 805 qui
514 742 588 786 oum
615 721 778 807 indignari
804 726 937 805 possent
963 745 1030 787 non
1058 743 1127 788 esse

107 813 196 895 ipsos
219 814 345 876 exortes
368 811 464 874 huius
488 811 580 893 mali,
601 814 711 875 tamen
733 811 768 874 in
789 809 854 874 hoc
876 832 941 875 uno
961 832 994 875 se
1013 812 1126 877 ceteris

108 900 279 983 exaequari
301 898 487 964 hominibus
510 921 576 964 non
599 900 749 963 iniuriam
773 899 829 964 sed
851 899 902 964 ins
921 900 1127 966 mortalitatis

108 988 331 1054 iudicaverunt
360 989 568 1071 tuleruntque
597 1009 657 1053 nec
683 989 781 1052 nimis
808 988 919 1053 acerbe
947 992 981 1053 et
1007 1009 1128 1072 aspere,

108 1078 195 1161 quod
218 1077 390 1161 acciderat,
412 1099 471 1143 nec
489 1078 632 1142 molliter
649 1081 683 1142 et
701 1077 895 1160 effeminate3
917 1099 993 1141 nam
1012 1080 1045 1141 et
1062 1098 1129 1142 non

64 1187 90 1227 ro
108 1168 226 1232 sentire
248 1167 333 1231 mala
356 1189 414 1232 sua
436 1188 503 1231 non
525 1171 574 1232 est
596 1165 737 1232 hominis
761 1170 793 1231 et
810 1188 877 1231 non
894 1166 977 1231 ferre
994 1188 1061 1231 non
1079 1170 1129 1231 cst

107 1257 176 1320 viri.
222 1278 290 1321 non
325 1277 459 1340 possum
496 1260 618 1341 tamen,
654 1277 728 1321 cum
766 1277 876 1320 omnes
913 1256 1163 1322 circumierima

108 1344 270 1431 Caesares,
307 1345 424 1429 quibus
460 1345 592 1411 fortuna
628 1346 743 1410 fratres
780 1365 970 1429 sororesque
1002 1344 1129 1429 eripuit,

106 1435 194 1499 hunc
221 1435 395 1518 praeterire
422 1456 462 1498 ex
490 1436 579 1499 omni
602 1432 774 1500 Caesarum
801 1456 936 1498 numero
959 1456 1129 1518 excerpen-

108 1524 200 1606 dum,
227 1545 324 1606 quem
351 1545 459 1588 rerum
486 1528 602 1588 natura
628 1524 663 1588 in
690 1523 825 1588 exitium
854 1523 1129 1608 opprobriumque

64 1633 89 1673 1⁵
107 1612 241 1676 humani
263 1613 389 1697 generis
413 1611 526 1695 edidit,
548 1635 567 1676 a
590 1634 655 1697 qno
673 1612 845 1696 imperium
864 1613 1014 1678 adustum
1032 1617 1129 1696 atque

108 1722 254 1766 eversum
276 1699 423 1765 funditus
446 1699 602 1784 principis
626 1701 931 1766 mitissimi-recreat
950 1703 1128 1767 clementia

101 1788 143 1859 ,0.
162 1787 279 1854 Cacsar
308 1789 426 1854 amissa
455 1810 565 1853 sorore
592 1788 748 1872 Drusilla,
778 1790 806 1853 is
836 1788 949 1872 homo,
979 1791 1036 1874 qui
1062 1806 1164 1856 nont

102 1877 212 1963 ‚magis
240 1877 348 1942 dolere
376 1899 474 1961 quarn
497 1878 636 1963 gaudere
659 1877 882 1962 principaliter
904 1883 1027 1964 posset,
1055 1899 1129 1943 con-

109 1970 256 2051 spectum
288 1967 629 2050 conversationemque
658 1967 779 2032 civium
811 1988 943 2031 suorum
975 1967 1130 2053 profugit,

64 2079 90 2119 ao
109 2055 257 2140 exsequis
285 2056 405 2121 sororis
434 2077 511 2121 suae
537 2079 605 2122 non
631 2055 792 2140 interfuit,
820 2056 906 2121 iusta
934 2056 1037 2121 sorori
1062 2077 1130 2121 non

108 2144 284 2229 praestitit,
307 2145 362 2211 sed
385 2144 421 2210 in
437 2143 564 2211 Albano
588 2168 647 2211 suo
670 2145 799 2211 tesseris
822 2166 860 2210 ac
877 2145 949 2209 foro
969 2149 1001 2209 et
1018 2145 1042 2228 †
1059 2166 1129 2230 per-

108 2235 231 2300 vocatis
262 2239 294 2300 et
323 2233 511 2300 huiusmodi
537 2234 609 2301 aliis
637 2233 904 2319 occupationibus
932 2233 1130 2300 acerbissimi

108 2323 229 2390 funeris
257 2324 403 2389 elevabat
429 2325 522 2389 mala.
567 2346 627 2409 pro
655 2324 760 2409 pudor
787 2322 928 2407 imperiii
974 2323 1129 2408 principis

108 2412 248 2478 Romani
266 2413 407 2499 lugentis
427 2435 570 2478 sororem
588 2413 658 2478 alea
677 2413 831 2478 solacium
849 2412 925 2478 fuitl
970 2413 1055 2478 idem
1074 2414 1129 2477 ille
1148 2427 1165 2478 5

57 2525 90 2576 ⁴as
110 2500 208 2567 Gaius
235 2502 358 2567 fimiosa
385 2503 605 2568 inconstantia
631 2502 728 2567 modo
757 2503 890 2567 barbam
913 2502 1130 2588 capillumque

109 2590 313 2656 summittens
337 2591 434 2655 modo
459 2593 586 2658 madeas
607 2589 720 2656 Italiae
743 2613 780 2657 ac
803 2588 932 2658 Siciliae
955 2613 1028 2657 oras
1047 2614 1130 2658 erra·

109 2680 236 2745 bundus
266 2680 460 2763 permetiens
491 2684 523 2746 et
552 2702 729 2764 numquam
760 2680 837 2747 satis
867 2685 988 2766 certus,
1019 2685 1129 2746 utrum

197 2870 214 2926 1
233 2872 291 2926 sint
308 2873 353 2927 bic
370 2872 436 2927 add
452 2871 547 2941 Gertz,
565 2889 615 2928 om.
632 2872 756 2928 Orebus
770 2872 828 2928 sint
842 2875 870 2929 V
882 2876 914 2930 ia
931 2874 1029 2928 DEH
1046 2874 1130 2927 iater-

105 2944 217 3028 polatpr
235 2951 299 3013 port
324 2943 488 2998 discrimina
511 2913 576 2999 add.
596 2943 701 2998 adeant
724 2943 734 3017 Η
758 2945 776 2999 2
797 2946 863 3000 iada
881 2946 1006 3001 acerbis
1024 2959 1130 3013 magna

109 3014 274 3069 discrimina
288 3017 316 3071 A
334 3031 433 3072 rsonae
450 3017 538 3084 iscipu
534 3014 590 3142 ‘topi
608 3015 754 3071 diudicet
768 3017 865 3072 Manet
853 3016 895 3089 tlt
919 3017 937 3070 9
960 3015 1129 3070 effeminate.

109 3087 218 3142 naAC
233 3088 281 3142 aed
297 3089 372 3143 aaA
391 3087 465 3141 nate.
493 3103 531 3141 na
578 3104 609 3142 aa
626 3106 661 3143 m.
675 3105 726 3144 scr.
741 3105 773 3143 aa
785 3104 841 3143 ras
859 3087 870 3160 ΙΙ
887 3087 923 3141 15
938 3103 1039 3141 auersu
1053 3089 1129 3155 atq

109 3158 214 3213 adustu
227 3160 256 3213 A
278 3176 347 3215 corr.
367 3158 528 3229 Wcacabcrp
549 3159 700 3213 aduersum
718 3161 805 3228 atque
823 3159 956 3212 adustum
970 3158 1063 3212 ΒΗΘ
1083 3158 1131 3213 aad

109 3230 142 3283 a‘a
159 3231 187 3284 Β
206 3248 240 3285 m
259 3234 285 3285 2.
309 3247 330 3285 s
349 3247 371 3285 s
393 3245 522 3284 euersum
538 3229 549 3303 ΙΙ
566 3229 603 3285 16
624 3229 768 3284 mitissimi
788 3231 850 3285 AV
869 3229 991 3299 piissimi
1010 3230 1034 3284 0
1056 3228 1130 3297 peri·

109 3300 213 3354 tissimi
231 3302 260 3356 B
284 3302 342 3368 (aad
363 3301 486 3369 piissimi
505 3303 537 3355 in
554 3304 651 3372 marp.)
668 3301 679 3374 Η
696 3300 732 3355 20
755 3300 884 3368 exsequis
898 3302 926 3355 A
944 3300 1047 3355 ataid
1067 3315 1130 3354 cxc·

111 3372 184 3438 quiis
205 3372 264 3498 Oli
286 3372 321 3426 21
340 3372 364 3426 dc
381 3372 511 3443 puocatis
524 3372 645 3428 ADHB
668 3371 835 3442 (pernotatis
857 3389 892 3426 m.
911 3374 986 3442 213)
1010 3388 1045 3426 ex
1066 3387 1130 3440 prc-

109 3443 219 3496 uocatis
281 3445 311 3497 et
328 3444 489 3511 prouocatio
510 3443 537 3498 G
559 3446 588 3498 et
605 3443 778 3514 pervolgatis
797 3444 894 3498 Haase
917 3445 946 3498 et
967 3442 1130 3512 pervagatis

103 3513 191 3568 ¹Kocb
213 3516 253 3580 (et
275 3521 339 3570 autc
361 3514 483 3569 huiusm.
501 3520 613 3584 aterque
630 3516 693 3585 om.)
719 3516 748 3569 et
769 3531 861 3584 pyrgo
878 3514 1010 3579 tabam
1025 3513 1159 3568 exerta&

109 3583 283 3640 ceetomone
301 3586 366 3643 add.
382 3587 543 3660 Weseubcrp
562 3587 628 3660 (0.st
642 3587 676 3643 da
690 3587 760 3643 ban
768 3586 835 3640 Vb
841 3586 893 3651 ,sq
