2400 3840
179 218 229 273 AD
248 214 420 273 Manassis
437 210 487 272 DE
507 215 784 275 consonamus
804 218 881 276 OAP.
896 226 953 277 Μ
1012 223 1077 290 155

57 363 180 429 nullam
212 363 276 429 sibi
307 364 346 429 da
377 363 435 427 illo
467 363 538 428 fieri
570 364 772 432 mentionem.
824 366 934 432 oderat
966 384 1112 434 omnsso

57 455 175 519 matres
204 456 238 518 et
266 453 301 517 in
329 452 455 518 Liviam
482 453 621 518 maxime
647 453 786 539 tumebat,
812 455 888 539 quia
909 456 1078 522 ridebatur

58 541 99 607 ad
120 541 208 608 illius
230 542 336 606 filium
358 542 510 607 transisse
533 542 595 607 sibi
617 543 776 627 promissa
800 543 947 610 felicitas.
991 549 1077 612 tene·

56 631 123 698 bris
146 633 179 696 et
202 631 368 697 solitudini
390 630 654 715 familiarissima,
676 653 717 697 ne
736 632 776 697 ad
794 633 926 699 fiunem
948 635 1077 718 quidem

24 741 38 782 s
56 720 244 805 respiciens,
263 720 404 786 carmina
422 719 629 786 celebrandae
642 721 786 787 Marcelli
804 723 976 788 memoriae
992 746 1077 790 com·

57 810 164 895 posita
186 809 331 893 aliosque
354 809 532 874 studiorum
555 810 694 875 honores
713 809 823 876 reiecit
842 813 983 877 stauros
1003 834 1076 878 suas

57 898 208 965 adversus
237 920 331 964 omne
358 896 513 964 solacium
536 899 639 964 clusit.
685 920 705 964 a
727 900 936 966 sollemnibus
960 901 1076 967 officiis

19 1047 26 1055 .
57 987 188 1054 seducta
210 993 243 1053 et
265 989 369 1072 ipsam
391 987 623 1073 magnitudinis
644 988 804 1054 fraternas
825 989 922 1054 nimis
943 990 1076 1056 circum·

56 1077 216 1142 lucentem
247 1077 411 1143 fortunam
443 1097 540 1142 exosa
570 1076 692 1143 defodit
721 1099 754 1144 ss
784 1082 816 1143 et
845 1077 977 1143 abdidit.
1023 1079 1077 1143 ad·
1105 1099 1107 1104 ·

10 1187 39 1228 10
58 1166 234 1232 sidentibus
270 1166 395 1251 liberis,
434 1165 606 1249 nepotibus
642 1167 812 1253 lugubrem
847 1170 970 1233 vestm
1009 1188 1076 1233 non

58 1255 219 1340 deposuit,
241 1277 308 1321 non
332 1255 400 1321 sine
418 1254 613 1321 contumelia
632 1255 776 1321 omnium
795 1277 940 1341 suorum,
959 1257 1075 1341 quibus

58 1345 153 1410 salvis
178 1346 256 1411 orba
279 1345 342 1410 sibi
363 1344 539 1409 videbatur.

145 1432 201 1498 ΠΙ.
237 1433 331 1499 Livia
353 1434 503 1500 amiserat
521 1433 625 1498 filium
643 1431 801 1519 Drusum,
818 1454 973 1521 magnum
990 1433 1076 1500 iutu-
1095 1451 1110 1500 1

56 1543 128 1589 rum
146 1523 339 1608 principem,
357 1523 422 1587 iam
441 1542 594 1609 magnum
610 1523 736 1589 ducem:
755 1523 930 1589 intraverat
947 1525 1076 1609 penitus

10 1630 37 1673 rs
57 1608 260 1677 Germaniam
282 1615 315 1676 et
337 1612 383 1675 ibi
405 1611 498 1697 signa
516 1610 663 1677 Romana
685 1613 811 1696 fixerat,
834 1613 891 1678 ubi
913 1614 969 1678 vix
990 1614 1075 1679 ullos

57 1722 125 1766 esse
154 1698 317 1765 Romanos
346 1703 461 1765 notum
490 1704 565 1765 erat.
611 1701 646 1765 in
673 1701 876 1787 expeditione
899 1701 1077 1769 decesserat

56 1789 136 1871 ipsis
165 1789 259 1852 illum
288 1789 436 1854 hostibus
465 1810 597 1874 aegrum
620 1811 694 1855 cum
715 1790 920 1855 veneratione
942 1793 976 1855 et
997 1813 1076 1875 pace

57 1880 169 1941 mutua
208 1877 476 1962 prosequentibus
516 1897 576 1942 nec
612 1882 724 1962 optare
760 1879 847 1961 quod
888 1879 1077 1962 expediebat

56 1965 255 2032 audentibus.
293 1965 463 2032 accedebat
484 1966 526 2031 ad
547 1967 631 2032 hano
653 1971 803 2051 mortem,
827 1988 923 2050 quam
942 1967 997 2031 ille
1015 1988 1075 2050 pro

10 2075 37 2118 so
55 2078 90 2122 re
119 2054 250 2141 publica
277 2055 412 2139 obierat,
439 2056 552 2141 ingens
577 2056 695 2122 civium
718 2055 1020 2141 provinciarumque
1043 2059 1076 2121 et

55 2145 156 2211 totius
178 2143 291 2210 Italiae
314 2143 519 2229 desiderium,
541 2166 599 2230 per
622 2166 718 2228 quam
742 2145 850 2210 effusis
873 2144 908 2209 in
931 2144 1075 2210 officium

54 2234 191 2322 lugubre
214 2233 398 2319 municipiis
422 2234 621 2319 coloniisque
639 2255 741 2319 usqua
759 2234 794 2298 in
811 2233 923 2299 urbem
942 2234 1075 2300 ductum

56 2328 124 2389 erat
152 2324 249 2390 funus
278 2322 444 2408 triumpho
474 2322 683 2390 simillimum.
733 2345 800 2389 non
821 2322 957 2389 licuerat
978 2323 1109 2389 matris

55 2413 170 2478 ultima
198 2413 259 2478 filii
289 2414 399 2479 oscula
426 2416 617 2499 gratumque
645 2413 780 2478 extremi
807 2434 986 2479 sermonem
1009 2413 1074 2479 oris

10 2518 37 2561 ss
54 2502 197 2586 haurire;
219 2503 318 2587 longo
342 2503 456 2567 itinere
478 2502 630 2586 reliquias
648 2500 749 2568 Drusi
769 2502 820 2568 sui
837 2507 1007 2587 prosecuta
1025 2506 1076 2567 tot

55 2612 114 2674 per
133 2611 259 2655 omnem
277 2590 405 2657 Italiam
423 2591 607 2657 ardentibus
624 2592 726 2677 rogis,
743 2592 835 2676 quasi
848 2592 967 2658 totiens
981 2593 1075 2657 illum

55 2678 229 2762 amitteret,
260 2679 405 2764 inritata,
436 2684 474 2745 ut
501 2681 642 2766 primum
671 2684 781 2746 tammr
806 2681 918 2746 intulit
939 2682 1074 2766 tumulo,

56 2768 153 2835 simul
171 2771 204 2833 et
221 2769 314 2834 illum
333 2773 366 2835 et
382 2770 527 2835 dolorem
546 2791 639 2835 suum
657 2769 780 2854 posuit,
800 2790 860 2836 nsc
877 2769 951 2855 plus
971 2770 1076 2835 doluit

56 2877 153 2941 quam
180 2861 237 2922 aut
262 2859 434 2924 honestum
461 2863 530 2923 erat
557 2856 689 2924 Caesare
714 2862 770 2924 aut
792 2879 928 2944 aequom
952 2858 1075 2926 Tiberio

144 3012 163 3068 8
186 3031 236 3070 suo
251 3014 358 3072 Hosias
378 3014 389 3088 Η
412 3014 428 3071 l
447 3015 531 3071 clusit
549 3031 617 3071 corr.
633 3016 666 3071 ia
684 3013 787 3070 clausit
807 3016 872 3084 sort.
886 3014 928 3071 A¹
951 3014 1074 3084 (cludere

54 3083 182 3142 eodemne
195 3102 240 3155 ap.
251 3086 324 3155 Sea,
333 3086 465 3143 claudere
478 3092 635 3143 tertoatuon
644 3087 766 3143 cantant:
775 3089 851 3157 epist.
853 3103 883 3156 p.
889 3087 1041 3154 samma,
1046 3090 1075 3152 6,·

55 3159 171 3228 369,25)
184 3155 195 3230 ΙΙ
208 3157 244 3212 15
257 3158 339 3229 signa
348 3159 477 3215 Romana
486 3157 586 3213 fixerat
593 3160 690 3215 Murct
698 3158 810 3229 signnm
819 3157 941 3213 Romani
954 3156 1075 3212 fixerunt

55 3228 84 3283 A
119 3226 155 3284 18
189 3229 403 3299 rosequentibus
412 3230 455 3286 A1
464 3231 586 3301 (ρνασιαν
594 3228 658 3285 ibus
671 3231 704 3284 ta
714 3230 780 3299 ras.)
794 3228 804 3302 Η
817 3228 853 3284 19
867 3227 1075 3283 accendebatur

54 3298 79 3355 J
111 3341 117 3354 .
174 3302 246 3357 aller
270 3300 281 3374 ΙΙ
298 3300 335 3356 24
360 3301 463 3356 ultima
485 3301 517 3356 F
535 3307 561 3357 et
578 3302 631 3357 alit
648 3314 666 3356 ς
687 3298 798 3355 utinam
816 3300 858 3356 A⁶
880 3301 910 3370 (u
929 3299 962 3354 in
981 3315 1037 3354 ros.
1055 3302 1075 3354 2

55 3370 119 3440 litt.)
135 3370 146 3456 fl
163 3370 200 3427 26
216 3371 298 3427 illurn
311 3373 343 3427 F
353 3379 385 3429 ut
397 3373 465 3444 culp.
480 3371 560 3427 illam
574 3373 602 3428 A
619 3372 630 3445 ll
646 3370 683 3427 28
701 3370 785 3427 simul
803 3373 833 3426 et
850 3370 931 3426 illum
944 3372 974 3427 A
990 3369 1074 3424 simul

56 3443 86 3496 st
102 3441 192 3498 fihum
210 3442 347 3500 sanstae
363 3444 374 3518 tt
391 3443 427 3499 29
445 3447 507 3500 erat
523 3442 642 3499 Caesare
662 3445 712 3497 ant
730 3457 850 3512 aequom
863 3440 977 3498 Tiberio
996 3440 1073 3496 salvo

58 3511 140 3569 Gertz
157 3516 249 3584 (1889)
275 3515 338 3570 erat
362 3530 457 3588 casare
480 3517 531 3569 aut
553 3524 625 3589 aquo
643 3513 742 3569 maluo
764 3516 794 3569 A
811 3514 879 3567 erat
890 3511 1024 3564 Qunam
1037 3511 1099 3582 anm

56 3598 174 3652 aequom
186 3584 297 3642 Nerone
308 3585 386 3643 salvo
396 3584 536 3646 Schultess
547 3589 614 3645 snat
621 3584 747 3644 Caesari
752 3587 811 3641 ant
816 3577 1028 3650 sennensem
1033 3568 1122 3625 maa
