2400 3840
147 207 197 261 AD
216 207 409 262 PAVLINVM
427 207 476 262 DE
495 206 704 262 BREVITATE
719 207 830 262 VITAE
850 207 926 264 OAP.
941 215 998 264 ab
1040 213 1105 277 285

87 352 271 418 Danuvium
308 353 462 418 terminos
499 353 621 436 movet,
657 353 692 416 in
728 354 799 437 ipsa
835 355 913 418 urbe
945 355 1105 439 Murenae,

88 441 271 526 Caepionis,
292 442 420 526 Lepidi,
443 441 578 527 Egnati,
608 442 745 506 aliorum
774 443 809 507 in
836 465 910 507 eum
937 466 1105 509 mucrones

87 532 290 596 acuebantur.
330 531 474 596 nondum
496 532 614 595 horum
637 531 792 616 effugerat
814 532 960 598 insidias:
983 534 1051 598 filia
1074 537 1107 598 et
1125 550 1140 598 6

85 623 135 685 tot
163 621 288 685 nobiles
318 621 449 686 iuvenes
478 620 634 685 adulterio
658 622 747 684 velut
774 626 972 686 sacramento
1001 624 1106 688 adacti

54 710 151 772 siam
173 710 343 774 infractam
367 712 503 773 aetatem
525 709 716 773 territabant
738 708 921 793 Paulusque
940 715 972 774 et
989 713 1106 776 iterum

85 799 229 862 timenda
256 821 328 863 eum
352 797 495 862 Antonio
524 799 647 863 mulier.
693 798 772 864 haec
799 800 907 863 ulcera
930 821 1004 864 oum
1026 802 1105 885 ipsis

85 888 237 952 membris
267 887 457 952 absciderat:
488 888 551 951 alia
581 888 866 971 subnascebantur3
892 889 982 952 velut
1010 911 1106 974 grave

85 977 189 1040 multo
222 977 377 1061 sanguine
409 998 526 1060 corpus
561 980 652 1060 parte
684 999 810 1061 semper
842 978 950 1060 aliqua
980 1001 1106 1062 rumpe·

85 1065 187 1128 batur.
235 1066 343 1149 itaque
371 1067 474 1131 otium
502 1066 648 1149 optabat,
676 1067 711 1129 in
732 1066 829 1132 huius
853 1088 909 1149 spe
932 1070 964 1130 et
987 1068 1107 1152 eogita-

42 1177 68 1216 ιο
86 1153 174 1217 tione
205 1153 330 1220 labores
363 1155 430 1220 eius
463 1155 658 1238 residebant,
689 1156 753 1220 hoc
784 1158 897 1220 votum
929 1159 998 1220 erat
1029 1157 1106 1238 eius,

87 1243 143 1326 qui
164 1244 234 1308 voti
257 1248 422 1328 compotes
445 1244 549 1309 facere
572 1247 707 1327 poterat.

175 1332 214 1396 V.
257 1333 300 1397 M.
330 1332 439 1398 Cicero
476 1334 561 1397 inter
598 1331 766 1417 Catilinas,
803 1331 933 1399 Clodios
970 1333 1139 1398 iactatusr

85 1419 320 1506 Pompeiosque
351 1425 383 1486 et
414 1420 558 1505 Crassos,
588 1423 707 1506 partim
735 1423 922 1488 manifestos
950 1422 1107 1505 inimicos,

85 1511 204 1593 partim
227 1512 341 1576 dubios
365 1512 498 1595 amieos,
527 1512 603 1576 dum
626 1512 802 1577 fluctuatur
824 1535 898 1577 cum
919 1535 955 1577 re
977 1512 1108 1595 publica

11 1682 14 1687 ⁶
41 1621 67 1662 15
85 1602 118 1662 et
149 1601 240 1663 illam
271 1622 401 1684 pessum
434 1604 562 1664 euntem
594 1604 695 1684 tenet,
731 1601 905 1667 novissime
942 1602 1107 1685 abductus,

84 1709 144 1751 nec
176 1689 323 1753 secundis
355 1689 450 1753 rebus
484 1690 610 1771 quietus
642 1711 703 1754 nec
735 1691 939 1756 adversarum
973 1692 1107 1774 patiens,

86 1777 234 1860 quotiens
257 1778 351 1841 illum
373 1779 480 1861 ipsum
503 1779 706 1843 consulatum
728 1801 822 1844 suum
838 1800 905 1842 non
925 1780 992 1843 sine
1011 1801 1108 1844 eausa

86 1864 141 1930 sed
164 1866 232 1930 sine
255 1867 319 1930 fine
342 1866 508 1931 laudatum
529 1868 718 1932 detestaturi
755 1889 852 1951 quam
870 1867 992 1932 flebiles
1011 1884 1141 1932 vocesa

85 1955 237 2036 exprimit
268 1955 302 2019 in
335 1956 473 2039 quadam
505 1955 545 2020 ad
575 1953 722 2020 Atticum
755 1957 893 2039 epistula
924 1956 989 2019 iam
1019 1957 1106 2020 vieto

40 2047 175 2126 sopatro
207 2043 377 2128 Pompeio,
409 2045 514 2109 adbuc
543 2045 612 2109 filio
643 2046 678 2108 in
707 2043 866 2128 Hispania
892 2045 995 2108 tracta
1018 2066 1107 2108 arma

84 2132 261 2197 refoventel
308 2133 402 2218 ‘quid
430 2133 539 2220 agam'
564 2134 671 2217 inquit
699 2134 780 2217 ‘hia
805 2132 953 2217 quaeris?
998 2155 1107 2197 moror

84 2222 118 2285 in
154 2222 337 2288 Tusculano
374 2246 446 2288 meo
484 2222 666 2288 semiliber?
722 2223 786 2286 alia
818 2223 966 2306 deinceps
1000 2222 1106 2306 adicit,

85 2311 201 2394 quibus
231 2317 263 2377 et
292 2313 432 2397 priorem
460 2316 598 2377 aetatem
626 2314 806 2395 complorat
829 2313 923 2377 etde
946 2313 1107 2396 praesenti

85 2400 229 2482 queritur
259 2405 292 2465 et
321 2403 359 2466 de
387 2403 496 2467 futura
525 2403 680 2485 desperat.
727 2401 944 2466 semiliberum
969 2424 1002 2467 se
1025 2401 1141 2465 dixita

38 2509 65 2550 aa
85 2487 210 2553 Cicero:
250 2495 283 2553 at
319 2513 371 2555 me
406 2492 552 2557 hercules
589 2512 767 2574 numquam
804 2491 930 2574 sapiens
967 2491 1002 2556 in
1038 2494 1106 2555 tam

83 2578 206 2642 humile
228 2600 347 2643 nomen
369 2581 535 2663 procedet,
557 2601 734 2662 numquam
754 2577 916 2644 semiliber
934 2580 1008 2664 erit,
1027 2579 1106 2645 inte-

84 2687 160 2751 grae
191 2688 316 2751 semper
344 2668 502 2735 libertatis
530 2673 562 2734 et
590 2670 724 2753 solidae,
748 2670 874 2735 solutus
897 2672 930 2734 et
953 2671 1004 2735 sui
1026 2670 1105 2734 iuris

85 2758 117 2818 et
149 2755 245 2819 altior
276 2757 398 2822 ceteris.
446 2759 523 2841 quid
554 2759 639 2823 enim
670 2780 767 2842 supra
797 2780 870 2822 cum
897 2761 1106 2842 potestesse,

85 2844 141 2927 qui
165 2867 262 2929 supra
284 2845 449 2910 fortunam
472 2846 542 2912 est?

173 2983 209 3038 20
228 2983 283 3040 Cic.
298 2984 397 3054 frcpm.
413 2987 488 3054 epist.
504 2986 536 3040 E
552 2987 604 3041 XI
619 2989 656 3054 (=
670 3003 710 3055 ep.
725 2987 764 3040 ud
779 2986 938 3058 Q.Aoeium)
952 2990 970 3040 6
983 3012 1010 3030 =
1024 2986 1106 3040 11⁷3

80 3072 110 3123 p.
125 3058 188 3122 303,
203 3060 239 3111 30
257 3057 341 3111 Mun.

172 3144 189 3198 2
213 3143 331 3215 Egnati,
357 3145 476 3200 aliomm
499 3146 580 3201 Gertz
605 3145 783 3216 egnatiorum
804 3146 833 3201 A
857 3145 867 3218 ll
893 3146 911 3199 5
933 3145 1106 3214 Paullusque

83 3215 185 3270 Rabea
202 3216 322 3285 plusque
336 3218 364 3272 A
381 3215 392 3289 Η
414 3216 432 3270 8
449 3219 531 3286 parte
551 3233 661 3286 semper
679 3217 777 3286 aliqua
795 3217 980 3286 rumpebatur
996 3217 1105 3272 Gronov

82 3289 179 3354 partes
203 3303 313 3356 semper
336 3288 407 3357 aliq;
431 3287 637 3358 rumpebantur
654 3289 696 3345 A¹
709 3331 718 3356 ,
732 3306 786 3358 pro
806 3287 877 3355 aliq;
898 3288 1008 3359 circula
1027 3304 1106 3343 erasa

83 3357 197 3424 aliquae
221 3361 331 3428 arrepsit
350 3359 419 3432 24¹1!
438 3360 473 3414 la
495 3360 635 3430 expromit
656 3361 765 3430 siesbye
784 3361 860 3431 aprld
884 3360 1023 3414 Gertza‘am
1043 3359 1046 3431 l
1068 3359 1106 3413 ad

82 3443 104 3481 s.
118 3445 142 3482 o.
164 3431 229 3484 odd.
253 3430 296 3486 A¹
322 3438 354 3487 at
379 3432 434 3486 oid.
461 3432 499 3485 ad
524 3432 627 3486 Axium
652 3433 770 3502 Lipsius
797 3431 856 3486 coll.
880 3430 953 3486 Suet.
976 3431 1034 3486 Jal.
1057 3431 1106 3504 911

83 3515 120 3569 26
143 3519 272 3586 procidet
292 3521 389 3574 Haase
413 3519 423 3592 Η
448 3520 483 3574 28
509 3511 561 3590 suf)
586 3525 621 3575 esi
642 3521 670 3576 A
694 3521 741 3576 sed
764 3537 783 3574 a
805 3537 895 3587 supro
910 3537 935 3585 u
953 3520 1027 3570 odd.
1041 3535 1086 3567 aa.
1098 3522 1121 3563 a

83 3588 228 3658 eademque
246 3594 281 3645 eu
299 3593 331 3646 ia
347 3609 403 3648 rae.
418 3594 530 3664 scripsit
