2400 3840
102 191 165 258 188
294 188 324 243 L.
339 186 482 243 ANNAEI
500 186 664 242 SENECAE
682 187 777 242 DIAL.
792 186 859 241 LIB.
874 186 920 241 VI.

100 333 346 400 obdurescerent
373 337 405 397 et
427 332 524 397 altius
550 335 677 398 terrena
700 332 904 416 conciperent
925 330 1053 398 liberati
1075 334 1119 397 le·

99 423 203 488 viores
234 422 275 486 ad
298 422 456 508 originem
479 442 570 487 suam
592 422 739 487 revolant
761 425 794 486 et
815 421 942 487 facilius
966 421 1119 504 quicquid

63 530 79 576 a
99 515 149 577 est
165 510 246 576 illud
266 510 403 576 obsoleti
421 510 570 594 inlitique
589 512 710 575 eluunt.
745 531 806 576 nec
823 531 978 595 umquam
992 511 1119 596 magnis

98 600 224 687 ingenis
248 620 321 665 cara
338 600 373 664 in
391 621 525 684 corpore
543 603 713 665 moreest:
736 599 820 664 exire
839 603 935 684 atque
954 620 1120 684 erumpere

99 690 255 775 gestiunt,
286 710 380 774 aegre
407 689 465 754 has
493 688 658 774 angustias
685 688 807 773 ferunt,
833 689 908 774 vagi
935 711 993 773 per
1016 710 1120 772 omne,
1152 710 1164 750 s

99 778 253 844 sublimes
276 781 309 843 et
327 799 366 842 ex
384 778 450 843 alto
470 777 594 843 adsueti
612 778 753 843 humana
771 777 940 862 despicere.
977 777 1053 842 inde
1071 782 1120 842 est

100 868 186 951 quod
200 867 318 932 Platon
336 868 467 933 clamat:
486 866 639 951 sapientis
656 866 799 931 animum
813 869 920 931 totum
933 866 969 930 in
981 871 1119 931 mortem

98 956 294 1041 prominere,
310 956 374 1021 hoc
386 957 484 1039 velle,
500 955 564 1022 hoc
577 955 739 1039 meditari,
755 956 817 1021 hac
831 975 957 1039 semper
970 955 1119 1040 cupidine

98 1046 175 1110 ferri
197 1046 232 1110 in
255 1045 413 1110 exteriora
434 1044 627 1110 tendentem.

64 1150 79 1198 3
189 1133 295 1211 Quid?
330 1138 382 1217 tu,
403 1133 537 1218 Mareia,
560 1155 634 1200 cum
657 1133 780 1199 rideres
799 1133 932 1198 senilem
950 1133 986 1197 in
1004 1133 1118 1198 iuvene
1138 1156 1165 1194 ro

97 1223 316 1307 prudentiam,
351 1223 507 1288 victorem
542 1223 687 1287 omnium
718 1221 935 1306 voluptatium
965 1223 1118 1306 animum,

99 1313 318 1395 emendatum,
345 1315 505 1377 carentem
528 1310 621 1395 vitio,
649 1311 777 1376 divitias
800 1311 869 1376 sine
892 1310 1039 1395 avaritia,
1061 1312 1119 1376 ho-

97 1422 192 1466 nores
229 1401 297 1465 sine
328 1400 519 1482 ambitione,
553 1401 735 1485 voluptates
765 1399 834 1465 sine
863 1399 992 1465 luxuria
1023 1400 1119 1485 adpe-

97 1493 235 1572 tentem,
262 1489 318 1553 diu
339 1489 400 1553 tibi
422 1489 560 1573 putabas
583 1489 676 1553 illum
700 1489 854 1573 sospiteur
877 1509 972 1574 posse
995 1490 1118 1555 contin-

98 1577 195 1663 gere?
236 1578 389 1662 quicquid
413 1577 453 1642 ad
476 1599 638 1643 summum
661 1578 820 1663 pervenit,
843 1579 884 1642 ab
907 1578 996 1643 exitu
1017 1600 1119 1662 prope
1139 1599 1164 1640 rs

99 1670 154 1731 est.
201 1667 296 1751 eripit
319 1687 353 1732 se
376 1667 543 1750 aufertque
567 1690 606 1732 ex
629 1667 730 1733 oculis
753 1667 895 1752 perfecta
917 1667 1034 1751 virtus,
1057 1689 1119 1733 nec

98 1756 249 1820 ultimum
272 1759 400 1840 tempus
420 1761 590 1841 expectant
609 1779 691 1841 quae
708 1757 744 1820 in
761 1756 866 1841 primo
885 1759 1118 1822 maturuerunt.

63 1860 80 1907 4
98 1845 182 1932 ignis
207 1868 269 1928 quo
290 1846 405 1911 clarior
422 1846 529 1930 fulsit,
551 1845 647 1911 citius
666 1845 878 1931 extinguitur3
900 1845 1043 1911 vivacior
1061 1849 1120 1929 est,

99 1936 155 2019 qui
178 1956 252 2001 cum
274 1936 363 2000 lenta
385 1956 423 2001 ac
446 1934 572 2000 difficili
594 1935 728 2000 materia
750 1935 941 2000 commissus
963 1934 1119 2019 fumoque

99 2024 261 2090 demersus
285 2046 325 2089 ex
348 2024 477 2090 sordido
499 2025 599 2108 lucet3
627 2023 738 2088 eadem
760 2024 847 2088 enim
870 2023 992 2089 detinet
1014 2044 1119 2107 causa,
1138 2045 1165 2085 eo

99 2135 180 2197 quae
202 2113 344 2199 maligne
362 2114 433 2177 alit:
456 2113 503 2179 sic
520 2112 650 2198 ingenia
669 2135 732 2196 quo
752 2113 952 2197 inlustriora,
972 2111 1120 2177 breviora

98 2206 187 2285 sunt,
205 2224 281 2266 nam
299 2202 356 2266 ubi
376 2203 573 2268 incremento
586 2203 677 2268 locus
691 2224 758 2267 non
772 2205 830 2286 est,
847 2201 972 2268 vicinus
987 2221 1118 2266 occasus

63 2294 155 2354 test.
207 2289 367 2355 Fabianus
400 2292 459 2374 ait,
495 2291 528 2354 id
558 2291 645 2375 quod
674 2290 779 2355 nostri
809 2312 938 2374 quoque
969 2293 1118 2375 parentes

98 2378 220 2463 videre,
246 2401 382 2463 puerum
412 2379 534 2444 Romae
564 2380 664 2445 fuisse
693 2382 817 2444 statura
842 2379 984 2465 ingentis
1010 2379 1119 2463 riri†

99 2472 188 2551 ante,
216 2468 270 2532 sed
298 2468 352 2532 hic
375 2468 439 2533 cito
463 2468 612 2551 decessit,
639 2473 672 2534 et
694 2468 887 2539 moriturum
910 2467 1000 2534 breui
1021 2490 1118 2534 nemo
1137 2488 1164 2529 rs

98 2577 162 2622 soh
183 2557 323 2641 prudens
347 2556 442 2621 dixit:
464 2580 531 2623 non
553 2560 680 2642 poterat
703 2557 789 2623 enim
812 2557 852 2623 ad
870 2558 960 2622 illam
980 2560 1118 2623 aetatem

98 2645 279 2730 pervenire,
303 2667 399 2728 quam
422 2651 635 2731 praeceperat.
682 2647 729 2712 ita
752 2650 813 2711 est:
836 2646 991 2712 indicium
1014 2646 1118 2710 immi-

193 2839 208 2893 7
228 2839 311 2895 Plato
329 2841 360 2894 ic
379 2841 526 2896 Phaedone
544 2857 566 2895 e.
580 2841 630 2894 IX
646 2842 686 2895 in.
701 2840 771 2894 XII
786 2841 825 2909 (p.
840 2843 899 2894 64a
918 2839 986 2908 ssd)

187 2982 205 3036 t
219 2981 319 3038 eluunt
334 2983 445 3039 Gronov
459 2983 551 3036 fluunt
563 2983 628 3038 AF
639 2981 650 3054 Η
666 2981 820 3052 dingeniis
832 2981 928 3108 volpp
942 2981 960 3036 6
973 2981 1068 3037 indest
1076 2982 1119 3037 A¹

97 3071 166 3110 corr.
180 3057 212 3109 in
225 3054 293 3108 inde
307 3056 350 3109 est
363 3052 589 3125 A¹deiadeA⁶ll
604 3053 618 3108 7
632 3055 752 3108 mortem
766 3066 784 3107 ς
800 3055 891 3107 morte
942 3053 952 3126 ΙΙ
965 3052 1000 3109 10
1011 3053 1119 3108 uideris

97 3143 166 3182 corr.
180 3128 212 3181 ia
230 3142 287 3179 ·res
301 3127 378 3181 A¹·¹
390 3125 401 3198 ll
418 3124 454 3179 14
472 3125 606 3194 sospitem
620 3125 652 3178 F
665 3130 698 3179 at
714 3125 783 3195 oohp.
802 3125 943 3194 hospitem
957 3125 985 3179 A
1005 3124 1009 3196 l
1026 3124 1062 3178 15
1081 3123 1118 3178 ab

98 3198 175 3252 exitu
198 3198 315 3266 Lipsius
346 3196 384 3250 ad
411 3195 518 3249 exitum
540 3195 605 3249 AF
633 3194 670 3248 ad
698 3196 804 3249 exitum
831 3198 967 3266 properat
1024 3203 1086 3251 aret
1109 3195 1120 3268 ll

96 3267 134 3322 24
158 3270 268 3322 statura
293 3267 417 3338 ingentis
438 3266 496 3320 uiri
518 3268 585 3320 ante
603 3267 667 3321 AF
689 3268 765 3335 (ante
787 3269 872 3322 omitt.
891 3269 971 3339 oolp.)
991 3268 1119 3321 staturae

96 3338 234 3409 ingentis,
256 3339 347 3393 virum
370 3337 565 3392 antecellentis
588 3337 669 3392 Gesta
694 3339 804 3392 statura
827 3338 937 3408 ingenti
954 3337 1119 3408 viribusque

96 3411 156 3464 viro
176 3410 392 3466 antecellentem
406 3409 500 3480 Pauly
518 3411 628 3464 statura
646 3409 769 3478 ingenti,
783 3409 837 3464 viri
850 3409 941 3464 instar
954 3410 1092 3466 Schultess
1108 3408 1120 3483 ll

71 3479 276 3603 αξέιὲἔιέιῖαῖ
293 3483 325 3536 she
344 3481 404 3536 edd,
420 3487 481 3536 cett,
495 3497 578 3536 nemo
592 3480 715 3550 prudens
729 3481 832 3536 nesciit
845 3481 981 3537 Schultess
998 3481 1008 3554 ll
1025 3481 1060 3536 27
1075 3481 1119 3536 in-
