2400 3840
312 200 362 255 DE
380 201 445 255 11111
462 200 591 259 111111.
624 201 808 257 1111111
1010 206 1073 271 143

54 349 117 414 iter
146 351 319 434 angustum
347 347 433 412 rixas
463 349 696 413 transeuntium
724 349 877 432 concitat,
905 349 1021 414 diffusa
1043 353 1075 413 et

53 439 120 503 late
142 440 255 521 patens
278 437 394 501 viane
416 438 556 521 populos
579 437 708 521 quidem
736 437 873 503 collidit:
905 439 968 504 ista
993 460 1074 522 quae

55 526 222 612 appetitis,
254 527 331 609 quia
363 525 479 610 exigua
510 530 586 591 sunt
614 548 674 592 nec
703 530 840 611 possunt
868 528 909 591 ad
938 528 1075 591 alterum

53 617 119 682 nisi
141 615 235 680 alteri
255 618 364 699 erepta
381 616 561 698 transferri,
579 615 688 679 eadem
708 615 930 681 affectantibus
948 637 1074 701 pugnas

25 709 88 770 111
110 705 216 790 iurgia
239 705 387 770 excitant.

145 863 278 929 XXXV.
315 862 530 948 Respondisse
553 864 613 928 tibi
636 886 763 929 servum
785 863 962 949 indignaris
980 864 1108 929 liber-1

55 958 189 1037 tumque
221 957 254 1017 et
284 974 418 1018 uxorem
450 956 482 1017 et
514 953 677 1018 clientem:
715 952 829 1017 deinde
858 953 942 1017 idem
973 953 1011 1017 de
1041 976 1075 1017 re

55 1043 186 1128 publica
214 1044 394 1107 libertatem
425 1042 584 1107 sublatam
612 1043 767 1126 quereris,
794 1064 891 1126 quam
915 1041 1002 1106 domi
1025 1063 1076 1106 su·

56 1132 184 1198 stulisti.
231 1154 355 1215 rursus,
387 1132 415 1195 si
445 1131 548 1196 tacuit
579 1130 809 1217 interrogatus,
840 1131 1076 1196 contumaciam

12 1242 38 1281 11
55 1243 161 1287 vocas.
194 1224 226 1286 et
242 1222 395 1304 loquatur
413 1224 446 1285 et
458 1223 563 1285 taceat
577 1225 608 1284 et
621 1221 736 1285 rideat!
769 1220 894 1286 ‘coram
907 1218 1075 1284 domino?’
1093 1236 1110 1284 a

56 1311 172 1394 inquis.
225 1310 324 1375 immo
357 1331 466 1376 coram
497 1313 589 1394 patre
619 1310 769 1374 familiae.
825 1309 903 1394 quid
935 1307 1077 1374 clamas?

57 1400 135 1483 quid
153 1398 360 1465 vociferaris?
396 1399 474 1482 quid
497 1399 626 1484 flagella
647 1399 752 1463 media
775 1421 853 1464 cena
873 1399 969 1483 petis,
989 1398 1076 1481 quod

57 1489 141 1554 servi
162 1489 353 1571 loquuntur,
377 1488 464 1571 quod
486 1509 553 1552 non
576 1488 687 1553 eodem
708 1489 782 1553 loco
803 1489 897 1552 turba
916 1488 1075 1553 contionis

57 1581 118 1661 est,
142 1577 306 1642 silentium
329 1575 533 1641 solitudinis?
568 1576 603 1640 in
624 1576 688 1642 hoc
709 1576 808 1642 habes
832 1599 938 1661 aures,
955 1580 993 1641 ut
1009 1598 1077 1641 non
1095 1591 1110 1640 3

12 1685 38 1727 11
57 1667 222 1731 modulata
239 1667 366 1729 tantum
384 1669 417 1728 et
434 1665 545 1729 mollia
563 1668 596 1728 et
613 1687 653 1729 ex
672 1666 759 1730 dulci
776 1669 879 1731 tracta
895 1666 1076 1750 conposita-

57 1777 120 1838 que
153 1753 324 1837 accipiant:
357 1755 389 1816 et
417 1753 518 1817 risum
549 1753 658 1818 audias
687 1756 815 1837 oportet
838 1758 870 1819 et
892 1755 1017 1837 fletum,
1045 1759 1077 1818 et

56 1841 229 1906 blanditias
258 1845 290 1905 11
315 1841 404 1924 lites,
428 1845 461 1904 et
482 1862 636 1925 prospera
659 1846 691 1905 et
712 1842 831 1925 tristia,
854 1846 886 1906 et
907 1841 1077 1906 hominum

57 1952 153 1995 voces
183 1933 216 1995 et
240 1931 388 1995 fremitus
417 1930 603 1994 animalium
625 1931 831 2013 latratusque.
879 1931 957 2013 quid
980 1931 1077 1993 miser

58 2019 242 2104 expavescis
273 2020 313 2083 ad
342 2020 514 2084 clamorem
544 2019 642 2102 servi,
671 2019 711 2082 ad
739 2018 893 2082 tinnitum
917 2019 997 2083 aeris
1022 2021 1077 2081 aut

12 2135 40 2174 11
57 2111 171 2174 ianuae
193 2108 380 2193 inpulsum?
426 2130 500 2173 cum
526 2110 594 2172 tam
621 2108 774 2172 delicatus
800 2108 912 2191 fueris,
934 2107 1078 2171 tonitrua

58 2198 215 2263 audienda
251 2201 334 2264 sunt.
388 2197 464 2282 hoc,
501 2196 588 2280 quod
624 2197 663 2261 de
699 2197 830 2261 auribus
866 2195 988 2262 dictum
1020 2199 1112 2280 est‚4

57 2290 196 2354 transfer
228 2287 268 2351 ad
301 2289 424 2371 oculos,
457 2287 514 2371 qui
539 2307 607 2351 non
633 2287 739 2352 minus
767 2285 896 2350 fastidio
919 2285 1076 2370 laborant,

59 2378 86 2443 si
109 2378 192 2442 male
215 2377 356 2443 instituti
379 2379 467 2443 sunt:
497 2378 623 2442 macula
646 2376 851 2441 offenduntur
874 2379 907 2441 et
929 2375 1076 2441 sordibus

58 2469 91 2530 et
120 2470 252 2551 argento
282 2489 397 2550 parum
426 2465 593 2550 splendido
622 2469 654 2530 11
680 2468 795 2551 stagno
817 2486 885 2529 non
907 2465 948 2529 ad
971 2465 1077 2530 solum

12 2577 39 2619 11
57 2553 250 2640 perlucente.
281 2554 317 2618 hi
335 2578 450 2639 nempe
469 2555 567 2639 oculi,
587 2556 642 2638 qui
659 2577 727 2620 non
744 2556 853 2618 ferimt
869 2554 933 2620 nisi
951 2554 1076 2618 varium
1095 2571 1111 2620 1

59 2665 97 2709 11
114 2644 235 2708 recenti
253 2665 329 2709 oura
345 2645 451 2709 nitens
469 2666 622 2727 marmor,
641 2645 698 2728 qui
716 2665 858 2709 mensam
877 2643 941 2709 nisi
958 2644 1076 2708 crebris

60 2733 244 2798 distinctam
261 2733 365 2816 venis,
389 2733 445 2816 qui
466 2733 583 2797 nolunt
602 2732 689 2797 domi
706 2733 771 2798 nisi
789 2755 867 2797 auro
885 2732 1077 2817 pretiosiora

59 2822 188 2906 calcari,
218 2821 411 2905 aequissimo
442 2822 549 2886 animo
578 2821 657 2887 foris
685 2825 717 2886 et
741 2822 868 2887 scabras
890 2823 1076 2904 lutosasque

60 2911 188 2976 semitas
208 2913 354 2995 spectant
372 2914 404 2974 et
422 2911 575 2975 maiorem
590 2914 714 2995 partem
729 2911 964 2976 occurrentium
984 2932 1077 2994 squa-

13 3023 41 3062 ao
58 2999 172 3084 lidan,
194 3000 330 3084 parietes
358 3000 536 3064 insularum
563 3020 688 3084 exesos,
711 3000 861 3083 rimosos,
884 3000 1075 3083 inaequales.

149 3211 167 3266 8
181 3212 295 3280 quando
308 3209 489 3265 misustulisti
502 3210 545 3266 A¹
558 3227 626 3266 corr.
640 3210 704 3283 A¹1t
717 3210 753 3266 lc
766 3211 920 3281 loquuntur
933 3210 1001 3279 oclp.
1013 3225 1046 3263 cx
1060 3221 1077 3262 ς

59 3282 212 3351 loquantur
229 3284 290 3338 AL
313 3282 324 3355 l
347 3282 383 3337 15
405 3284 499 3337 tracta
516 3283 558 3351 A,
580 3281 672 3337 fracta
694 3284 736 3338 oet
755 3283 878 3336 infracta
895 3281 975 3335 molit
995 3279 1077 3335 Gertz

60 3356 118 3410 coll.
134 3372 174 3424 cp.
188 3358 280 3422 90,19
296 3353 307 3426 11
324 3354 358 3408 17
377 3354 472 3408 tristia
485 3355 512 3409 L
530 3360 562 3409 ut
574 3355 642 3424 ootp.
657 3354 775 3408 tristitia
788 3355 816 3409 A
861 3351 897 3407 la
911 3351 1077 3406 attinuitum

59 3425 102 3481 A¹
120 3442 188 3481 corr.
207 3424 251 3481 A'
271 3424 282 3498 11
305 3424 342 3479 26
360 3426 409 3494 qui
427 3428 554 3494 <non>
572 3441 698 3479 mensam
721 3428 790 3481 coci.
842 3440 919 3490 auae,
942 3424 990 3478 aed
1006 3430 1077 3478 recte

60 3497 182 3564 defendit
200 3497 258 3552 cod.
272 3497 438 3565 comptorum
452 3496 535 3551 Gertz
547 3495 558 3569 11
575 3495 610 3550 27
624 3495 790 3551 distinctam
803 3496 829 3550 L
843 3495 1022 3549 destinctam
1037 3494 1098 3556 Abx

60 3567 96 3622 28
115 3567 220 3622 calcari
238 3568 334 3622 Haase
352 3567 463 3622 calcare
476 3567 538 3623 AL
