2400 3840
92 221 159 287 306
295 216 325 270 L.
340 215 482 270 ANNAEI
500 213 665 270 SENECAE
684 214 779 270 Dian.
794 214 863 272 LIB.
876 214 910 270 X.

93 362 318 430 sollicitudinis
351 383 478 446 causae3
510 382 568 445 per
599 361 825 445 occupationes
855 360 923 425 vita
952 362 1122 428 trudetur:

94 454 196 518 otium
219 473 396 534 numquam
419 454 545 537 agetur,
569 471 695 533 semper
718 450 890 534 optabitur.

58 578 72 626 1
183 555 301 623 XVHI.
324 557 470 642 Excerpe
488 557 597 641 itaque
612 560 645 620 te
659 557 770 641 volgo,
789 555 923 621 Pauline
941 556 1121 643 carissime,

93 651 125 713 et
158 648 193 712 in
223 646 479 731 tranquilliorem
511 649 642 731 portum
674 668 741 710 non
772 667 832 730 pro
864 645 977 710 aetatis
1008 648 1120 730 spatio

93 737 230 802 iactatus
257 736 386 802 tandem
414 735 533 801 recede.
579 734 700 820 cogita,
723 738 803 819 quot
828 735 945 801 fluctus
969 735 1122 821 subieris,
1153 759 1165 800 1

95 829 175 909 quot
203 829 410 911 tempestates
439 824 559 908 partim
588 824 729 908 privatas
760 823 964 909 sustinueris,
994 825 1120 908 partim

93 916 239 999 publicas
269 916 304 979 in
333 918 366 980 te
396 912 604 997 converteris3
632 913 709 977 satis
732 913 797 977 iam
819 934 878 997 per
898 913 1062 979 laboriosa
1086 919 1121 980 et

92 1005 238 1089 inquieta
260 1005 452 1069 documenta
475 1002 618 1068 exhibita
639 1001 742 1067 virtus
766 1005 827 1067 est:
855 1001 1013 1086 experire,
1037 1005 1121 1086 quid

92 1095 128 1158 in
160 1093 226 1159 otio
258 1093 363 1158 faciat.
416 1092 519 1156 maior
547 1112 621 1175 pars
651 1091 779 1174 aetatis,
814 1093 900 1156 certe
926 1090 1042 1156 melior
1069 1093 1121 1158 rei

93 1182 242 1267 publicae
263 1183 338 1247 data
361 1181 416 1247 sit:
439 1179 562 1264 aliquid
579 1181 734 1264 temporis
752 1178 803 1244 tui
821 1201 911 1245 sume
930 1180 1028 1245 etiam
1046 1181 1119 1246 tibi.
1139 1206 1164 1246 ro

58 1290 153 1338 aneo
181 1275 214 1335 te
241 1271 282 1334 ad
310 1291 439 1355 segnem
468 1272 524 1333 aut
547 1269 683 1333 inertem
708 1269 848 1352 quietem
871 1290 967 1353 voco,
988 1291 1057 1334 non
1080 1275 1121 1336 ut

95 1382 208 1426 somno
232 1363 264 1424 et
287 1360 368 1424 caris
391 1358 504 1423 turbae
527 1357 748 1441 voluptatibus
773 1357 930 1441 quidquid
954 1361 1003 1423 est
1026 1359 1062 1423 in
1085 1364 1119 1425 te

94 1448 211 1512 indolis
235 1447 361 1512 vividae
384 1464 523 1532 mergas:
553 1468 620 1511 non
643 1450 692 1512 est
714 1446 801 1513 istud
824 1446 1042 1532 adquiescere3
1069 1449 1120 1513 in-

93 1536 201 1602 venies
231 1536 354 1601 maiora
384 1535 534 1603 omnibus
562 1535 667 1600 adhuc
694 1538 822 1602 strenue
844 1535 989 1602 tractatis
1013 1537 1120 1621 operi-

59 1643 74 1692 3
93 1626 169 1709 bus,
192 1646 273 1708 quae
295 1625 455 1709 repositus
477 1629 509 1690 11
527 1646 657 1690 securus
677 1625 787 1710 agites.
823 1628 861 1689 tu
880 1624 1009 1710 quidem
1029 1626 1119 1691 orbis
1137 1650 1163 1692 15

93 1718 250 1780 terrarum
281 1715 422 1780 rationes
455 1714 659 1779 administras
691 1717 758 1779 tam
791 1714 987 1780 abstinenter
1018 1737 1118 1798 quam

94 1804 228 1889 alienas,
251 1806 318 1868 tam
342 1803 513 1888 diligenter
537 1825 633 1886 quam
656 1806 742 1887 tuas,
763 1806 830 1867 tam
849 1804 999 1889 religiose
1018 1825 1118 1886 quam

93 1894 248 1978 publicas.
285 1893 320 1958 in
339 1893 446 1958 officio
466 1914 608 1957 amorem
627 1892 845 1976 consequeris,
866 1893 984 1977 inquo
1005 1891 1118 1958 odium

93 1985 196 2048 vitare
223 1983 355 2048 difficile
384 1985 446 2046 est:
476 1982 532 2046 sed
559 1985 680 2064 tamen,
710 1981 920 2064 mihicrede,
943 1981 1043 2047 satius
1068 1986 1118 2047 est

59 2089 76 2136 4
93 2073 179 2136 vitae
198 2094 274 2137 suae
292 2071 450 2136 rationem
467 2092 565 2154 quam
582 2070 736 2135 frumenti
749 2070 872 2154 publici
885 2090 987 2136 nosse.
1015 2069 1118 2135 istum
1137 2094 1163 2135 ro

95 2161 194 2224 animi
212 2161 356 2245 vigorem
374 2181 481 2224 rerum
499 2159 712 2224 maximarum
731 2159 976 2242 capacissimum
990 2181 1009 2223 1
1022 2159 1118 2224 mini-

95 2248 192 2314 sterio
222 2248 401 2313 honorifico
431 2248 560 2332 quidem
584 2249 640 2313 sed
663 2270 776 2332 parum
801 2249 841 2313 ad
864 2248 992 2313 beatam
1014 2248 1117 2314 vitam

95 2341 171 2421 apto
194 2358 310 2402 revoca
333 2341 364 2401 et
387 2338 496 2422 cogita
517 2359 584 2402 non
606 2337 640 2401 id
659 2336 760 2422 egisse
778 2340 811 2402 te
830 2337 870 2402 ab
889 2341 993 2402 aetate
1011 2337 1117 2424 prima

29 2459 31 2464 ·
95 2426 184 2490 omni
214 2426 303 2491 cultu
333 2426 513 2491 studiorum
540 2425 734 2510 liberalium,
758 2430 796 2491 ut
816 2426 878 2492 tibi
900 2427 1003 2491 multa
1025 2426 1117 2491 milia

94 2515 248 2579 frumenti
265 2515 346 2580 bene
366 2515 654 2580 committerentur:
673 2516 776 2581 maius
796 2515 948 2598 quiddam
968 2515 1116 2581 stultius
1137 2538 1163 2579 11

95 2604 134 2668 de
163 2607 195 2668 te
224 2604 426 2688 promiseras.
470 2626 537 2670 non
564 2604 681 2669 derimt
708 2608 740 2668 11
766 2604 963 2690 frugalitatis
986 2608 1116 2670 exactae

94 2693 241 2758 homines
265 2696 296 2757 et
318 2693 496 2758 laboriosae
520 2714 648 2778 operae:
677 2697 768 2758 tanto
796 2694 922 2778 aptiora
948 2693 1116 2779 portandis

96 2782 244 2847 oneribus
263 2782 355 2846 tarda
372 2782 515 2847 iumenta
534 2785 609 2847 sunt
628 2803 725 2865 quam
739 2781 863 2848 nobiles
878 2782 961 2867 equi,
977 2804 1115 2866 quorum

95 2893 282 2958 generosam
314 2871 536 2955 pernicitatem
570 2871 641 2955 quis
674 2894 828 2956 umquam
865 2872 956 2958 gravi
978 2869 1116 2960 [[11111111

185 3084 200 3138 1
226 3084 286 3155 uite
310 3085 428 3140 radetur
445 3085 473 3139 A
498 3102 566 3142 corr.
587 3087 683 3140 Haase
704 3084 715 3158 ll
741 3086 755 3140 7
780 3084 1029 3140 11111Α’11111111
1046 3085 1117 3212 All

95 3153 113 3208 8
127 3162 191 3224 post
208 3156 297 3240 virtus
312 3157 473 3240 Wesenberg
490 3158 541 3240 tua
560 3157 698 3212 1111111111
714 3155 730 3258 ji
752 3157 770 3210 9
788 3157 875 3240 inotr‘o
890 3156 959 3240 A⁸ll
981 3156 1018 3212 10
1036 3157 1074 3212 sit

96 3228 139 3280 est
160 3228 278 3297 Madoeq
302 3227 313 3301 ll
339 3229 374 3283 lo
397 3227 578 3281 administras
601 3230 662 3282 tam
682 3229 710 3282 A
750 3228 917 3281 admm1stra
939 3229 1029 3314 istam
1046 3227 1090 3284 A¹
1106 3228 1117 3301 ll

95 3369 156 3423 Job.
175 3370 280 3424 Mttller
308 3371 311 3443 l
338 3371 388 3425 illo
409 3371 473 3425 add.
494 3372 577 3426 Gertz
601 3299 1116 3444 111111111111111111ο11Π111Η11181Ὃ111Β

96 3297 130 3351 18
153 3297 282 3367 publicas
303 3302 331 3355 A
357 3300 429 3368 quod
453 3306 545 3354 tuetur
564 3300 683 3369 Madciq
706 3315 800 3353 sacras
819 3299 937 3370 Bentley

97 3442 164 3507 apto
179 3456 208 3494 re
222 3440 309 3524 11111
321 3460 377 3496 ras.
392 3441 434 3496 A¹
447 3444 587 3526 scriptura
600 3457 717 3526 prorsus
730 3444 836 3526 11111111
850 3448 890 3497 est
902 3440 962 3568 bae
973 3442 1116 3527 pmiserm

92 3511 120 3562 A
200 3529 233 3565 mr
256 3515 274 3566 3
297 3530 328 3566 aa
350 3529 405 3568 raa.
427 3520 521 3569 atatem
542 3521 607 3583 post
631 3515 661 3567 te
684 3514 844 3582 cooperate)
866 3512 877 3585 ll
926 3514 940 3568 7
965 3513 1115 3585 portandis

78 3580 126 3631 M
158 3583 206 3652 aab
224 3586 414 3654 exportandis
429 3588 457 3644 A
