2400 3840
103 224 153 279 AD
169 223 344 279 SERENVM
359 224 409 278 DE
424 222 745 290 TRANQVILLITATE
759 223 868 279 ANIMI
881 222 958 280 cAP.
970 230 985 278 9
1027 228 1091 293 261

76 371 132 436 sed
154 375 191 435 ut
213 370 372 435 maiorum
390 391 495 436 mores
514 370 661 452 suadent3
684 370 843 435 discamus
862 371 1094 436 continentiam

76 481 205 545 augere,
241 460 403 524 luxuriam
440 480 598 543 coercere,
636 458 773 545 gloriam
807 463 998 544 temperare,
1034 461 1094 524 ira-

75 548 225 614 cundiam
258 549 372 632 lenire,
405 551 627 632 paupertatem
662 548 772 632 aequis
809 549 911 613 oculis
944 549 1094 634 aspicere,

74 638 294 724 frugalitatem
313 637 430 720 colere,
448 638 545 702 etiam
565 638 593 703 si
606 637 726 702 multos
745 636 880 721 pudebit
893 638 961 702 eius
975 638 999 722 †
1012 638 1096 722 plus,

44 726 240 792 edesideriis
273 726 472 791 naturalibus
502 748 603 810 parvo
630 729 742 810 parata
769 726 909 791 remedia
936 726 1094 812 adhibere,

76 836 149 900 spes
172 815 340 880 effrenatas
364 819 396 880 et
418 815 562 879 animum
585 816 620 879 in
642 814 752 880 futura
768 814 988 881 imminentem
1007 817 1096 881 velut

76 905 135 969 sub
154 904 291 969 vinculis
309 904 440 988 habere,
457 904 491 969 id
509 926 616 989 agere,
634 907 672 969 ut
691 904 817 969 divitias
837 904 967 970 anobis
986 905 1095 989 potius

77 1014 174 1077 quam
202 1016 221 1057 a
247 992 378 1058 fortuna
404 997 561 1078 petamus.
606 1015 673 1058 non
700 996 807 1077 potest
829 1015 984 1077 umquam
1005 996 1131 1058 tantae

75 1082 212 1146 varietas
233 1085 265 1147 et
283 1082 435 1166 iniquitas
455 1103 587 1149 casuum
606 1083 652 1146 ita
670 1083 800 1166 depelli,
823 1085 944 1147 utnon
957 1083 1096 1147 multum

31 1193 58 1232 10
75 1172 290 1256 procellarum
330 1172 438 1236 inruat
478 1194 595 1257 magna
631 1175 828 1236 armamenta
868 1170 1096 1255 pandentibus3

77 1261 237 1346 cogendae
260 1262 295 1326 in
318 1265 424 1326 ertum
445 1282 496 1325 res
520 1265 608 1344 sunt,
631 1264 669 1325 ut
691 1261 756 1325 tela
778 1261 814 1325 in
834 1281 952 1325 venum
972 1259 1096 1344 cadant,

76 1350 212 1434 ideoque
252 1350 349 1414 exilia
388 1351 517 1415 interim
554 1350 813 1433 calamitatesque
851 1350 886 1413 in
920 1349 1096 1414 remedium

77 1460 197 1505 cessere
221 1443 253 1505 et
274 1439 448 1504 levioribus
471 1438 684 1504 incommodis
708 1440 855 1525 graviora
878 1441 989 1504 sanata
1012 1441 1095 1504 sunt.

76 1527 133 1593 ubi
158 1549 273 1611 parum
301 1528 390 1591 audit
417 1531 588 1611 praecepta
610 1529 736 1592 animus
754 1550 815 1593 nec
838 1528 943 1593 curari
965 1527 1096 1593 mollius

32 1637 58 1677 15
76 1620 197 1701 potest,
217 1615 329 1699 quidni
348 1616 533 1680 consulatur
552 1617 595 1699 ei,
613 1616 640 1680 si
658 1620 829 1700 paupertas
848 1617 890 1701 ei,
909 1617 1098 1702 ignominia,

77 1726 184 1769 rerum
207 1705 329 1769 eversio
353 1704 536 1787 adhibetur,
559 1705 644 1769 malo
667 1706 790 1769 malum
814 1705 1011 1789 opponitur?
1045 1705 1097 1770 ad·

78 1813 261 1858 suescamus
297 1814 374 1877 ergo
408 1813 519 1857 cenare
551 1815 646 1876 posse
679 1794 746 1858 sine
778 1795 900 1877 populo
934 1798 967 1858 et
998 1793 1097 1858 servis

77 1881 283 1966 paucioribus
311 1881 428 1945 servire
456 1885 488 1945 et
515 1884 619 1947 vestes
648 1903 760 1964 parare
783 1883 818 1945 in
841 1882 928 1966 quod
950 1883 1098 1946 inventae

78 1974 154 2035 sunt
186 1974 218 2035 et
248 1969 392 2034 habitare
424 1970 627 2035 contractius.
679 1992 747 2035 non
778 1970 813 2033 in
844 1991 940 2035 cursu
971 1974 1098 2034 tantum

33 2059 217 2143 scenaique
250 2059 437 2142 certamine,
469 2059 524 2124 sed
554 2060 590 2124 in
621 2060 672 2125 his
705 2059 818 2142 spatiis
848 2060 933 2123 vitae
963 2058 1098 2123 interius

77 2149 270 2214 flectendum
298 2150 354 2213 est.
401 2148 580 2213 studiorum
608 2170 736 2232 quoque
765 2170 847 2232 quae
874 2147 1135 2214 liberalissimas

77 2239 223 2322 impensa
241 2241 290 2303 est
307 2241 374 2302 tam
394 2238 449 2302 diu
466 2238 624 2303 rationem
641 2238 754 2322 hebet,
772 2258 869 2320 quam
888 2237 943 2302 din
956 2236 1097 2303 modum.

169 2449 188 2504 4
210 2450 267 2503 etia
290 2449 315 2503 si
337 2449 427 2504 mulos
450 2448 570 2518 pudebit
588 2448 613 2519 ej
633 2449 698 2518 plus
721 2449 757 2512 (si
775 2456 801 2503 et
815 2450 927 2519 pomus
944 2450 1052 2504 liberae
1069 2467 1098 2503 m

79 2520 177 2576 ductas
194 2522 226 2575 ia
243 2537 298 2576 aaa.
318 2539 336 2575 a
354 2527 419 2576 sal
441 2527 473 2575 at
494 2521 566 2588 sid.;
585 2527 650 2590 post
670 2521 730 2574 mul
750 2537 771 2575 s.
785 2538 810 2575 c.
829 2522 842 2574 t
860 2527 911 2575 ast
928 2520 939 2574 l
957 2521 1099 2589 adscripta

68 2598 171 2661 ,postea
189 2608 268 2646 erasa
286 2593 335 2661 est)
349 2593 377 2646 A
395 2592 508 2646 etiamsi
525 2592 629 2646 multos
647 2591 768 2661 pudebit
785 2592 886 2661 templi
904 2592 964 2646 eius
979 2592 1099 2661 Madvig

79 2663 193 2718 etiamsi
210 2661 314 2716 multos
332 2662 452 2731 pudebit
470 2664 530 2717 eius
550 2663 642 2717 cultus
657 2664 737 2719 Koeb
758 2663 871 2718 etiamsi
887 2663 992 2718 multos
1010 2662 1098 2731 pude-

79 2733 123 2788 bit
146 2734 206 2788 eius
225 2734 365 2789 Rossbach
390 2735 477 2789 etiam
498 2735 523 2789 si
540 2751 616 2789 nunc
634 2734 726 2789 cultus
744 2733 865 2805 pudebit
883 2735 943 2789 eius
960 2734 1098 2805 populum

81 2806 164 2861 Gesta
181 2803 328 2873 (populum
346 2805 459 2874 inpius
478 2805 562 2861 latere
578 2807 637 2860 iam
655 2807 811 2861 Pincianae
829 2807 988 2874 consessit)
1011 2805 1098 2860 etiam

80 2877 104 2931 si
130 2875 235 2931 multos
263 2875 383 2944 pudebit
410 2877 483 2944 eius3
513 2877 627 2945 placeat
654 2877 790 2932 Schultess
820 2875 831 2949 ll
859 2877 877 2931 c
904 2877 1098 2930 imminentem

80 2950 199 3018 Madvig
225 2948 396 3002 eminentem
416 2949 444 3003 A
469 2948 531 3015 (cfr.
551 2949 585 3002 de
607 2949 692 3015 benef.
711 2950 799 3004 1113
825 2950 903 3018 ests.)
930 2948 1098 3002 emicantem

79 3020 215 3075 Schultess
236 3018 306 3145 ism
325 3019 441 3074 exilias
459 3018 544 3073 exilia
557 3021 586 3074 A
607 3018 610 3092 l
630 3019 776 3074 interime
793 3019 896 3074 iterum
909 3021 938 3074 A
956 3017 1098 3072 interdum

79 3092 131 3145 olii
150 3103 167 3145 s
188 3091 199 3164 ll
220 3091 236 3145 1
274 3092 376 3144 sanata
395 3091 467 3146 sunt.
497 3090 554 3145 Ubi
573 3132 579 3145 .
595 3132 601 3145 .
620 3092 727 3159 potest,
747 3090 847 3158 quidni
865 3093 963 3158 interp.
980 3089 1099 3159 Madvig

80 3165 181 3217 sanata
200 3164 277 3229 sunt,
295 3161 347 3216 ubi
366 3205 372 3218 .
388 3204 394 3215 .
413 3164 515 3233 potest.
544 3161 650 3228 Quidni
666 3163 734 3232 sely.
758 3161 769 3234 ll
793 3161 828 3215 15
852 3161 951 3228 quidni
970 3158 1098 3213 consula·

79 3235 126 3287 tur
148 3278 153 3288 .
175 3278 182 3318 ·.
202 3277 207 3287 .
232 3233 409 3318 adhibetur?¹
431 3233 507 3288 malo
527 3235 654 3318 Madvig.
689 3233 880 3316 saterropaade‘
904 3234 1013 3314 spousi
1034 3237 1100 3300 post

80 3303 819 3447 stitttstttsttct‚tlttstttttt
835 3300 1099 3442 institisti

80 3447 237 3517 ignominia
250 3449 278 3502 A
301 3446 312 3520 ll
335 3447 371 3502 18
389 3448 494 3502 seruire
507 3450 536 3503 A
554 3449 626 3516 procl
644 3448 709 3502 beas
727 3447 849 3513 defendit
863 3445 983 3511 Madvig
1000 3444 1112 3496 aerata&

80 3518 166 3587 colpe
181 3519 254 3572 mals
271 3518 305 3572 de
321 3519 371 3573 boc
386 3519 467 3573 cubo
483 3521 537 3590 epit
551 3519 661 3574 Pictore
671 3534 757 3573 recca
770 3518 805 3571 de
822 3517 925 3583 putot„
936 3517 1006 3566 teet
1025 3504 1146 3571 *sa-m&

81 3588 117 3642 21
136 3587 307 3642 flectentium
321 3590 349 3644 A
369 3589 403 3660 (ti
416 3606 471 3660 par
488 3592 659 3663 lipatrercmt
679 3606 755 3647 coss.
767 3588 847 3655 uota.
