2400 3840
373 160 428 214 nn
441 159 505 214 nm
523 159 590 216 nra.
604 159 639 214 n.
671 158 747 215 css.
763 165 796 215 ar
1053 163 1095 230 91

80 299 234 373 servitute
252 298 495 390 comminuitur3
514 305 672 391 adsurgit,
690 305 718 370 si
735 305 886 371 laudatur
903 309 936 371 et
954 306 988 370 in
1006 328 1096 391 spem

80 397 130 462 sui
162 396 281 462 bonam
313 394 495 479 adducitur,
525 394 589 460 sed·
610 395 721 460 eadem
747 395 810 460 ista
836 395 1041 461 insolentiam
1065 399 1098 461 et

79 485 277 551 iracundiam
300 488 467 571 generant:
500 484 609 567 itaque
627 484 674 550 sic
692 483 776 549 inter
795 487 968 568 utrumque
986 505 1097 570 regen·

80 574 139 641 dus
163 578 225 658 est,
248 577 285 639 ut
308 573 405 639 modo
427 573 526 638 frenis
550 577 680 638 utamur
701 573 797 638 modo
821 573 969 639 stimulis.
1015 573 1132 639 nihilc

48 664 217 747 shumile,
244 663 328 729 nihil
357 661 471 727 servile
501 661 656 746 patiatn13
683 682 861 746 numquam
890 662 939 727 illi
967 684 1097 729 necesse

80 753 123 818 sit
144 774 259 839 rogare
282 751 471 837 suppliciter
492 771 552 816 uec
574 751 678 835 prosit
694 770 839 836 rogasse,
856 751 965 834 potius
984 773 1098 818 causae

80 864 157 906 suae
180 844 213 906 et
234 840 395 925 prioribus
418 839 512 905 factis
536 843 569 905 et
591 840 684 905 bonis
707 840 742 904 in
763 839 909 905 futurum
930 842 1097 924 promissis

81 930 225 995 donetur.
271 929 306 995 in
336 929 565 996 certaminibus
595 929 777 1014 aequalium
805 949 866 994 nec
892 928 978 994 vinci
1004 930 1133 996 illumo

80 1020 242 1104 patiamur
270 1040 330 1084 nec
358 1019 466 1102 irasci;
496 1017 607 1083 demus
635 1040 780 1102 operam,
804 1022 842 1084 ut
865 1017 1032 1083 familiaris
1056 1019 1099 1084 sit

35 1130 62 1170 ιο
80 1110 119 1174 iis
148 1130 221 1173 cum
252 1107 368 1193 quibus
399 1107 591 1173 contendere
614 1108 711 1191 solet,
732 1110 770 1172 ut
792 1107 827 1171 in
849 1107 1022 1173 certamine
1046 1108 1098 1172 ad·

81 1202 207 1264 suescat
228 1219 296 1262 non
317 1218 433 1262 nocere
455 1197 538 1262 velle
561 1196 617 1261 sed
635 1196 776 1281 vincere3
799 1196 947 1280 quotiens
971 1217 1099 1281 supera

80 1287 162 1353 verit
181 1290 213 1352 et
231 1286 365 1372 dignum
384 1286 507 1370 aliquid
524 1286 619 1350 laude
636 1285 762 1370 fecerit,
780 1286 887 1351 attolli
899 1308 968 1351 non
980 1286 1099 1372 gestire

80 1377 253 1460 patiamur:
275 1376 429 1463 gaudium
448 1375 533 1441 enim
552 1375 722 1459 exultatio,
740 1375 971 1441 exultationem
990 1379 1100 1440 tumor

81 1469 113 1530 et
144 1466 245 1530 nimia
276 1465 457 1530 aestimatio
489 1463 540 1530 sui
571 1463 725 1548 sequitur.
785 1464 932 1530 dabimus
967 1463 1134 1549 aliquode

36 1574 62 1614 15
80 1555 314 1637 laxamentum,
345 1555 380 1618 in
412 1553 565 1618 desidiam
597 1575 673 1618 vero
706 1552 873 1636 otiumque
904 1576 971 1618 non
1001 1554 1099 1619 resol-

81 1663 193 1707 vemus
226 1645 259 1706 et
288 1643 403 1725 procul
430 1664 449 1706 a
475 1645 626 1708 contactu
658 1642 844 1707 deliciarum
876 1643 1099 1725 retinebimus3

81 1731 164 1795 nihil
187 1730 272 1795 enim
296 1731 399 1816 magis
422 1730 501 1795 facit
521 1730 690 1796 iracundos
710 1752 806 1814 quam
825 1731 972 1797 educatio
991 1731 1099 1796 mollis

83 1822 115 1883 et
137 1819 268 1884 blanda:
290 1819 363 1883 ideo
386 1818 490 1883 unicis
509 1840 573 1902 quo
595 1820 668 1903 plus
686 1819 886 1905 indulgetur,
904 1820 1100 1904 pupillisque

83 1929 147 1991 quo
179 1909 252 1992 plus
283 1908 373 1991 licet,
406 1907 587 1992 corruptior
618 1908 743 1972 animus
776 1912 832 1974 est.
878 1930 945 1973 non
972 1908 1101 1974 resistet

37 2017 64 2058 so
83 1997 212 2062 offensis
236 1997 289 2063 cui
311 1996 395 2061 nihil
416 2017 570 2079 umquam
588 2001 742 2082 negatum
762 2000 824 2080 est,
842 1996 933 2061 cuius
952 1997 1099 2062 lacrimas

82 2086 221 2152 sollicita
257 2108 385 2170 semper
420 2089 524 2151 mater
559 2084 722 2168 abstersit,
757 2084 809 2150 cui
841 2085 881 2150 dc
912 2085 1099 2172 paedagogo

82 2176 282 2242 satisfactum
306 2179 363 2241 est.
409 2197 476 2240 non
498 2174 609 2258 vides,
623 2178 661 2240 ut
682 2174 837 2241 maiorem
856 2195 1017 2259 quamque
1038 2175 1134 2241 for-7

81 2270 193 2331 tunam
217 2266 321 2330 maior
342 2265 390 2329 ira
413 2264 607 2330 comitetur?
647 2264 682 2329 in
705 2264 858 2329 divitibus
882 2267 915 2329 et
936 2264 1100 2331 nobilibus

82 2359 115 2420 et
137 2354 380 2440 magistratibus
402 2354 574 2439 praecipue
597 2356 744 2438 apparet,
762 2374 836 2419 cum
855 2353 1012 2438 quidquid
1030 2356 1100 2418 leve

36 2463 63 2504 sc
83 2448 115 2508 et
137 2444 232 2509 inane
254 2445 290 2508 in
312 2444 419 2509 animo
444 2447 513 2509 erat
535 2442 675 2508 secunda
697 2464 732 2508 se
755 2465 833 2507 aura
851 2444 991 2508 sustulit,
1031 2442 1101 2509 feli·

84 2533 162 2597 citas
195 2532 392 2598 iracundiam
424 2533 541 2616 nutrit,
569 2531 627 2598 ubi
654 2551 746 2598 aures
774 2532 928 2617 superbas
956 2533 1100 2597 adsenta-

82 2625 191 2686 torum
218 2622 312 2687 turba
339 2621 565 2687 circumstetit:
602 2621 679 2686 ‘tibi
702 2621 788 2687 enim
811 2621 866 2686 ille
888 2620 1101 2704 respondeat?

81 2732 149 2775 non
180 2732 239 2793 pro
268 2709 400 2796 fastigio
429 2713 462 2775 te
491 2714 549 2776 tuo
578 2710 715 2793 metiris3
747 2710 816 2795 ipse
845 2713 877 2774 te
904 2708 1039 2794 proicis'
1069 2713 1101 2775 et

83 2799 146 2864 alia
164 2799 281 2882 quibus
300 2799 356 2864 vix
373 2821 469 2865 sanae
488 2803 521 2864 ct
538 2799 579 2864 ab
597 2799 691 2865 initio
710 2800 792 2865 bene
810 2799 962 2866 fundatae
976 2802 1100 2864 mentes

172 2956 188 3010 l
217 2956 241 3010 si
269 2955 404 3009 laudatur
431 2958 460 3010 et
489 2955 571 3010 Gertz
598 2955 623 3009 si
647 2954 794 3021 laudatur,
822 2958 852 3010 et
878 2958 946 3027 colp.
968 2959 1065 3026 interp.
1091 2955 1101 3027 ll

82 3027 264 3095 currumque
279 3030 418 3095 <puer>
432 3027 572 3097 regendus
590 3028 660 3082 coni.
676 3028 836 3094 mammem
852 3030 901 3082 oia
918 3029 1101 3082 necessariam

82 3099 137 3154 oid.
156 3098 166 3171 Η
187 3097 205 3153 8
223 3098 301 3152 uinci
315 3099 377 3153 AL
395 3099 467 3167 quod
484 3105 553 3154 recta
571 3099 714 3165 defendere
731 3099 786 3154 oid.
806 3099 843 3153 E.
859 3100 976 3154 luemus
997 3099 1052 3164 ita,
1069 3104 1102 3153 ut

82 3172 120 3225 eit
132 3176 256 3225 codrum
273 3171 344 3224 ‘aab
358 3170 477 3240 beaiepen
491 3170 594 3225 lacaeu’
609 3171 669 3238 (cfr.
684 3186 744 3239 cap.
759 3172 841 3240 32,1)
860 3170 928 3239 angi
942 3169 1102 3238 Petscbecip

82 3241 182 3295 ulcisci
201 3241 352 3308 &cholicam
365 3244 448 3310 prius
466 3257 518 3295 nec
536 3242 621 3296 deleri
638 3242 694 3296 uolt
708 3243 829 3296 Karsten
853 3240 857 3312 Ι
879 3240 915 3295 16
934 3241 1066 3294 contactu
1084 3257 1101 3298 ς

83 3315 193 3367 atractu
212 3314 240 3367 A
262 3312 272 3384 ll
296 3312 332 3367 18
354 3312 526 3382 pupillisque
544 3312 586 3367 A⁶
604 3314 634 3382 (p
652 3326 687 3367 cc
704 3329 718 3366 s
736 3314 816 3379 corr.)
840 3311 843 3383 l
874 3310 910 3366 23
932 3309 1054 3376 nobilib3
1072 3314 1100 3366 A

83 3388 163 3452 (corr.
186 3400 220 3439 ex
247 3382 360 3453 nobilis)
387 3384 397 3456 ll
423 3383 458 3438 2⁷
484 3384 560 3438 circii
583 3382 664 3438 stetit
684 3384 746 3438 AL
773 3382 985 3450 circumstrepit
1007 3389 1113 3446 equora

83 3457 149 3510 olim
175 3457 283 3522 Haase,
310 3472 385 3510 acac
410 3454 507 3523 Germ
533 3456 578 3512 bic
607 3471 641 3511 cc
668 3471 741 3526 quoe
764 3459 921 3523 coquuntur
945 3457 1024 3503 recte
1042 3450 1137 3497 cauer-

83 3527 187 3594 punxit
